
@book{doueihi_grande_2011,
	location = {Paris},
	edition = {2},
	title = {La Grande conversion numérique. suivi de Rêveries d'un promeneur numérique},
	isbn = {978-2-7578-2478-8},
	abstract = {Le numérique a une histoire qui se fabrique au jour le jour. Puissance globale, cet assemblage de technologies fragilise les spécificités nationales et locales en suscitant de nouvelles réalités, en politique comme en économie. Quels sont les rapports entre cette culture numérique, celle de l’imprimé et ses supports juridiques et institutionnels ? Comment tisser les liens entre le savoir faire numérique, ses nouvelles communautés virtuelles et la culture des générations précédentes ? En modifiant notre identité, nos représentations, nos choix, quels avenirs le numérique peut-il induire ? Qu’en sera-t-il du savoir historique, de nos bibliothèques. Et comment assurer désormais la permanence de nos archives, leur intégrité ? Ce livre propose des éclairages précis sur la façon dont une technologie, essentiellement collective, modifie radicalement la vie de chacun, le lien social même, mobilisant nos repères les plus tangibles : écriture et lecture, identité, présence, propriété, archive et mémoire. Ni utopie ni fausse prophétie, le numérique est la vulgate moderne. Avec ses faiblesses, ses aveuglements, ses richesses et ses promesses, le numérique est une culture pour tous.},
	pagetotal = {352},
	publisher = {Points},
	author = {Doueihi, Milad},
	date = {2011-08-15},
	keywords = {hum\_num}
}

@article{hamel_recherche_2017,
	title = {La recherche en plein texte dans les sources manuscrites médiévales : enjeux et perspectives du projet {HIMANIS} pour l'édition électronique},
	volume = {73},
	rights = {Tous droits réservés},
	issn = {0751-2708},
	url = {http://journals.openedition.org/medievales/8198},
	doi = {10.4000/medievales.8198},
	shorttitle = {La recherche en plein texte dans les sources manuscrites médiévales},
	abstract = {{HIMANIS} (Historical {MANuscript} Indexing for user-controlled Search) est un projet de recherche européen, associant, sous le pilotage de l’{IRHT} ({CNRS}, France), la société innovante A2iA (France), la Rijksuniversiteit Groningen (Pays-Bas) et l’Universitat Politècnica de València (Espagne). Il vise à l’indexation du texte des registres de la chancellerie royale française des années 1302-1483, conservés aux Archives nationales sous les cotes {JJ}35 à {JJ}211, à partir des images produites par leur numérisation. Les enjeux de recherche d’information (données massives et bruitées) permettent de conjoindre les enjeux technologiques (reconnaissance de l’écriture manuscrite) et historiques (analyses paléographiques et diplomatiques, recherche sur les institutions, le fonctionnement de la monarchie, la naissance de l’État-nation). La présente contribution propose un modèle d’accès à l’information dans un corpus de données massives, d’un point de vue tant ergonomique qu’herméneutique. À cette fin, après une présentation du corpus, des outils actuels pour accéder à l’information qu’ils contiennent et de leur formalisation en {TEI}, elle problématise l’édition électronique comme « vérité terrain » et « terrain d’apprentissage », en renversant l’approche classique de l’édition critique comme finalité. Enfin, elle décrit le modèle d’accès proposé, à la fois pour une approche par « indexation » (et non par transcription) et pour une granularité par acte.},
	pages = {67--96},
	number = {73},
	journaltitle = {Médiévales. Langues, Textes, Histoire},
	author = {Hamel, Sébastien and Moufflet, Jean-François and Stutzmann, Dominique},
	urldate = {2020-08-16},
	date = {2017-12-15},
	langid = {french},
	keywords = {pp},
	file = {Full Text PDF:/Users/lucasterriel/Zotero/storage/CM86JGGD/Stutzmann et al. - 2017 - La recherche en plein texte dans les sources manus.pdf:application/pdf;Snapshot:/Users/lucasterriel/Zotero/storage/7W4KQQM7/Stutzmann et al. - 2017 - La recherche en plein texte dans les sources manus.html:text/html}
}

@article{rochebouet_introduction_2017,
	title = {Introduction : Le texte médiéval à l’épreuve du numérique},
	volume = {73},
	rights = {Tous droits réservés},
	issn = {0751-2708},
	url = {http://journals.openedition.org.proxy.chartes.psl.eu/medievales/8163},
	doi = {10.4000/medievales.8163},
	abstract = {Depuis les travaux de Roberto Busa qui commença à utiliser, à partir de 1949, le traitement automatique des données pour réaliser entre autres des concordances pour l’œuvre de Thomas d’Aquin1, les humanités seraient désormais devenues, du moins en partie, numériques. Si l’omniprésence du syntagme, ou de son équivalent anglo-saxon digital humanities, dans les projets de recherche comme dans le champ institutionnel de l’enseignement supérieur et de la recherche atteste autant d’une réalité des pratiques que d’un effet de mode, voire d’un certain opportunisme dans un contexte où toute la société est présentée comme en pleine et nécessaire mue numérique, il est indéniable que les dix dernières années ont vu fondamentalement changer le mode d’accès et d’exploitation des données de la recherche. Les études médiévales, quelle que soit leur discipline...},
	pages = {5--12},
	number = {73},
	journaltitle = {Médiévales. Langues, Textes, Histoire},
	author = {Rochebouet, Anne},
	urldate = {2020-08-16},
	date = {2017-12-15},
	langid = {french},
	keywords = {pp},
	file = {Full Text PDF:/Users/lucasterriel/Zotero/storage/S9S9WNAQ/Rochebouet - 2017 - Le texte médiéval à l’épreuve du numérique.pdf:application/pdf;Snapshot:/Users/lucasterriel/Zotero/storage/JZMAZFR7/Rochebouet - 2017 - Le texte médiéval à l’épreuve du numérique.html:text/html}
}

@unpublished{poupeau_visite_2019,
	title = {Visite guidée au pays de la donnée - Du modèle conceptuel au modèle physique},
	rights = {{CC} Attribution License},
	url = {https://fr.slideshare.net/lespetitescases/visite-guide-au-pays-de-la-donne-du-modle-conceptuel-au-modle-physique},
	abstract = {Ce diaporama est le 3ème d'une série qui vise à donner un panorama de la gestion des données à l'ère du big data et de l'intelligence artificielle. Cette partie s'attache à présenter comment on passe de la modélisation des données jusqu'à leur stockage. Elle dresse un panorama des différentes solutions de stockage de données, en présente les particularités, les forces et les faiblesses.},
	type = {cours},
	howpublished = {cours},
	author = {Poupeau, Gautier},
	urldate = {2020-08-13},
	date = {2019-05-12},
	keywords = {Données \& analyses}
}

@unpublished{hooland_application_2019,
	location = {Centre des archives diplomatiques de la Courneuve},
	title = {L'application de l'intelligence artificielle au traitement de la  bureautique et des mails},
	url = {https://www.diplomatie.gouv.fr/fr/archives-diplomatiques/action-scientifique-et-culturelle/colloques-et-conferences/article/colloque-les-archives-au-defi-du-numerique-17-et-18-octobre-2019},
	type = {programme du colloque},
	howpublished = {programme du colloque},
	note = {Colloque "Les Archives au défi du numérique" (17 et 18 octobre 2019)},
	author = {Hooland, Seth Van},
	date = {2019-10-17},
	keywords = {Données \& analyses}
}

@unpublished{bluche_automatic_2016,
	title = {Automatic Handwritten Character Segmentation for Paleographical Character Shape Analysis},
	url = {http://www.tbluche.com/files/das16_slides.pdf},
	type = {A2IA / {IRHT}},
	howpublished = {A2IA / {IRHT}},
	note = {International Workshop on Document Analysis Systems},
	author = {Bluche, Théodore and Kermorvant, Christopher and Stutzmann, Dominique},
	date = {2016-04-12},
	keywords = {ia}
}

@book{gillet_introduction_2016,
	location = {Louvain-la-Neuve},
	edition = {1},
	title = {Introduction aux humanités numériques : méthodes et pratiques},
	isbn = {978-2-8073-0215-0},
	shorttitle = {Introduction aux humanités numériques},
	abstract = {Ces dernières années, le développement du numérique a permis l'essor de nouvelles méthodes qui ont largement bénéficié aux archives, aux bibliothèques et aux musées, mais également aux publications de recherche ou aux expositions virtuelles.Consacré à cette discipline émergente, nommée "humanités numériques" dans les universités où elle est enseignée, ce manuel explique ces nouvelles technologies de l'information afin d'en tirer le meilleur parti pour la rédaction et la valorisation de travaux scientifiques.Cinq chapitres progressifs, avec concepts clés, exemples concrets et exercices :Préparer sa {rechercheTrouver} de l'{informationOrganiser} et partager ses {sourcesAnalyser} son {corpusValoriser} ses {résultatsUn} accompagnement en ligne du manuel propose des mises à jour des exercices, outils et données, permettant de créer un lien entre les auteurs du livre et ses utilisateurs.Pour les étudiants en lettres, en communication et en sciences humaines.},
	pagetotal = {256},
	publisher = {De Boeck supérieur},
	author = {Gillet, Florence and Hengchen, Simon and Hooland, Seth Van and Sinatra, Michael and Wilde, Max De},
	date = {2016-06-17},
	keywords = {hum\_num}
}

@online{tei_tei_nodate,
	title = {{TEI} element {teiHeader}},
	url = {https://tei-c.org/release/doc/tei-p5-doc/fr/html/ref-teiHeader.html},
	author = {{TEI}},
	urldate = {2020-08-31},
	file = {Snapshot:/Users/lucasterriel/Zotero/storage/KXH3R4Z2/TEI element teiHeader (TEI header).html:text/html}
}

@online{tei_tei_nodate-1,
	title = {{TEI} element text},
	url = {https://www.tei-c.org/release/doc/tei-p5-doc/fr/html/ref-text.html},
	author = {{TEI}},
	urldate = {2020-08-31},
	file = {Snapshot:/Users/lucasterriel/Zotero/storage/9I6FU3FM/TEI element text.html:text/html}
}

@online{tei_tei_nodate-2,
	title = {{TEI} element facsimile},
	url = {https://www.tei-c.org/release/doc/tei-p5-doc/fr/html/ref-facsimile.html},
	author = {{TEI}},
	urldate = {2020-08-31},
	file = {Snapshot:/Users/lucasterriel/Zotero/storage/EDXJUHIB/TEI element facsimile.html:text/html}
}

@article{eikvil_ocr_1993,
	title = {{OCR} - Optical Character Recognition},
	url = {https://www.nr.no/~eikvil/OCR.pdf},
	author = {Eikvil, Line},
	date = {1993},
	keywords = {ia}
}

@article{limon-bonnet_innovation_2019,
	title = {L'innovation numérique : un cercle vertueux pour l'archivistique},
	volume = {254},
	url = {https://www.archivistes.org/Les-Archives-nationales-une-refondation-pour-le-XXIe-siecle},
	series = {2},
	pages = {247--281},
	journaltitle = {La Gazette des archives},
	author = {Limon-Bonnet, Marie-Françoise and Moufflet, Jean-François and Piraino, Gaetano},
	date = {2019},
	keywords = {pp}
}

@book{jeanneney_quand_2010,
	title = {Quand Google défie l'Europe},
	isbn = {978-2-7555-0413-2},
	abstract = {Google a inauguré sa bibliothèque numérique le 1er juin 2005, six mois après l’annonce de sa vaste entreprise de mise en ligne de 15 millions de livres, soit plus de 4,5 milliards de pages en moins de six ans. En 2009, Google affirmait en avoir déjà numérisé 10 millions. Entre-temps, Google n’a cessé de renforcer sa position dominante et de chercher à aspirer tous les « contenus », souvent au mépris du droit d’auteur. Entre-temps, la « googlisation » du patrimoine, si ce n’est du monde, inspire partout de plus en plus de méfiance et de crainte sur les véritables intentions de l’entreprise : hégémonie sur l’indexation, hégémonie sur l’accès... En France, rien n’est tranché : en juin 2009, le groupe La Martinière a déposé une plainte à New York. Les éditeurs se mobilisent. En août, Bruno Racine, actuel président de la {BNF}, annonce vouloir confier à Google la numérisation d’une partie des collections de la {BNF}, rompant avec la stratégie frontale de son prédécesseur, Jean-Noël Jeanneney, qui avait appelé à une vaste numérisation concurrente dans le cadre du projet qu’il avait baptisé Europeana. Le grand emprunt laisse cependant espérer que soient dégagées les sommes nécessaires à l’ambition d’indépendance dont ce livre, traduit en quatorze langues, ici enrichi et mis à jour, est le manifeste. 3e édition revue et augmentée},
	pagetotal = {71},
	publisher = {Fayard/Mille et une nuits},
	author = {Jeanneney, Jean-Noël},
	date = {2010-03-03},
	langid = {french},
	keywords = {pp}
}

@book{mounier_dir_readwrite_2012,
	edition = {{OpenEdition} Press},
	title = {Read/write book 2: une introduction aux humanités numériques},
	isbn = {978-2-8218-1324-3 978-2-8218-1325-0},
	url = {https://books.openedition.org/oep/226?lang=fr},
	shorttitle = {Read/write book 2},
	abstract = {Qu'est-ce que les humanités numériques ?Apparue en 2006, l'expression connaît depuis un véritable succès. Mais au-delà du slogan à la mode, quelle est la réalité des pratiques qu'il désigne ? Si tout le monde s'accorde sur une définition minimale à l'intersection des technologies numériques et des sciences humaines et sociales, les vues divergent lorsqu'on entre dans le vif du sujet. Les humanités numériques représentent-elles une véritable révolution des pratiques de recherche et des paradigmes intellectuels qui les fondent ou, plus simplement, une optimisation des méthodes existantes ? Constituent-elles un champ suffisamment structuré pour justifier une réforme des modes de financement de la recherche, des cursus de formation, des critères d'évaluation ? L'archive numérique offre-t-elle à la recherche suffisamment de garanties ? Quelle place la recherche « dirigée par les données » laisse-t-elle à l'interprétation ? Telles sont quelques-unes des questions abordées par ce deuxième opus de la collection « Read/Write Book ».Ces dix-huit textes essentiels, rédigés ou traduits en français par des chercheurs de différentes nationalités, proposent une introduction aux humanités numériques accessible à tous ceux qui souhaitent en savoir plus sur ce domaine de recherche en constante évolution.},
	author = {Mounier (dir.), Pierre},
	date = {2012},
	keywords = {hum\_num}
}

@book{burnard_quest-ce_2015,
	edition = {{OpenEdition} Press},
	title = {Qu'est-ce que la Text Encoding Initiative ?},
	isbn = {978-2-8218-5581-6},
	url = {http://books.openedition.org/oep/1237},
	shorttitle = {Qu'est-ce que la Text Encoding Initiative ?},
	abstract = {Les Guidelines de la Text Encoding Initiative ({TEI}) sont depuis longtemps considérées comme le standard de fait pour la préparation de ressources textuelles numériques dans la communauté académique. Elles offrent au débutant un éventail de possibilités qui peut paraître intimidant, mais qui reflète l'impressionnante étendue des applications possibles pour l'encodage de texte, depuis les éditions critiques traditionnelles jusqu'aux corpus linguistiques, aux lexiques historiques, aux archives numériques et au-delà. Utilisant de nombreux exemples de textes encodés en {TEI} issus de domaines variés, ce livre simple et direct est destiné à aider le débutant à faire ses propres choix parmi les multiples options offertes par la {TEI}. Il explique la technologie {XML} utilisée par la {TEI} d'une manière accessible au lecteur dépourvu de formation technique, et offre une visite guidée des dédales de l'univers de la {TEI}, et de la façon dont elle peut être personnalisée pour répondre aux besoins d'un projet particulier. Cet ouvrage a été réalisé avec le soutien de la région Provences-Alpes-Côte d'Azur.},
	author = {Burnard, Lou and Burghart, Marjorie},
	date = {2015},
	keywords = {xml}
}

@book{noauthor_abrege_2020,
	edition = {{AAF}},
	title = {Abrégé d'archivistique. Principes et pratiques du métier d'archiviste 4e édition revue et augmentée},
	abstract = {Ce manuel de référence est le résultat de la collaboration de nombreux professionnels des archives représentatifs des principaux secteurs du métier. L'ensemble des notions archivistiques y est abordé de façon concrète, en s'appuyant sur des exemples issus de la pratique. Entièrement refondu pour...},
	pagetotal = {348},
	urldate = {2020-09-07},
	date = {2020},
	langid = {french},
	keywords = {archivistique},
	file = {Snapshot:/Users/lucasterriel/Zotero/storage/AL7VMV9T/abrege-d-archivistique-9782900175095.html:text/html}
}

@article{belaid_representation_2007,
	title = {Représentation des données en {XML} pour l’analyse d’images de documents},
	url = {http://lodel.irevues.inist.fr/cide/index.php?id=147},
	abstract = {Nous présentons dans cet article l'utilisation du standard {XML} à la fois pour représenter les modèles de documents ainsi que pour décrire les résultats des différentes étapes de reconnaissance.  Notre choix s'est porté sur {ALTO} pour la structure physique issue des {OCR}, sur la {TEI} pour la représentation de la structure logique reconnue par un système dédié, et enfin sur {METS} pour coordonner les deux dernières. Ne voulant pas toucher aux représentations internes des outils existants, nous avons proposé des transformations type {XSL} pour dériver ces formats {XML}. Les expérimentations menées à la fois sur la reconnaissance de documents modernes au niveau macro-structurel et  sur des documents anciens au niveau micro-structurel montrent comment ce choix d'association permet de conserver les données cohérentes tout au long du processus mais aussi  de proposer un résultat de rétro-conversion accessible, standardisé et pérenne.},
	journaltitle = {{CIDE} 10},
	author = {Belaïd, Abdel and Falk, Ingrid and Rangoni, Yves},
	urldate = {2020-09-07},
	date = {2007},
	langid = {french},
	keywords = {xml},
	file = {Snapshot:/Users/lucasterriel/Zotero/storage/5YQF4ZIC/index.html:text/html}
}

@book{canteaut_actes_2020,
	edition = {{PUPPA}},
	title = {Actes royaux et princiers à l’ère du numérique (Moyen Âge – Temps modernes)},
	url = {https://acronavarre.hypotheses.org/2810},
	abstract = {Accédez au volume en cliquant sur la couverture / Access the volume by clicking on the cover Actes royaux et princiers à l’ère du numérique (Moyen Âge – Temps modernes), sous la direction d’Olivier Canteaut,...},
	author = {Canteaut, Olivier and Guyotjeannin, Olivier and Poncet, Olivier},
	urldate = {2020-09-07},
	date = {2020},
	langid = {french},
	keywords = {hum\_num},
	file = {Snapshot:/Users/lucasterriel/Zotero/storage/HRQMYVDT/2810.html:text/html}
}

@article{crozat_standardisation_2006,
	title = {Standardisation des formats documentaires pour les chaînes éditoriales d'{UNIT} : un schéma pivot},
	url = {https://stph.crzt.fr/res/crozat06tice.pdf},
	shorttitle = {Standardisation des formats documentaires pour les chaînes éditoriales d'{UNIT}},
	abstract = {Request {PDF} {\textbar} Standardisation des formats documentaires pour les chaînes éditoriales d'{UNIT} : un schéma pivot {\textbar} Depuis sa création, {UNIT} cherche à rendre identifiable et échangeables les ressources pédagogiques produites par les établissements partenaires.... {\textbar} Find, read and cite all the research you need on {ResearchGate}},
	journaltitle = {{TICE}},
	author = {Crozat, Stéphane},
	urldate = {2020-09-07},
	date = {2006},
	langid = {french},
	keywords = {xml},
	file = {Snapshot:/Users/lucasterriel/Zotero/storage/VJE6KMED/279256812_Standardisation_des_formats_documentaires_pour_les_chaines_editoriales_d'UNIT_un_sche.html:text/html}
}

@report{bonhomme_defis_2018,
	title = {Défis et opportunités de la reconnaissance automatique d'écriture manuscrite pour les documents d'archives : l'exemple des répertoires des notaires de Paris},
	institution = {École nationale des chartes},
	type = {Mémoire de recherche},
	author = {Bonhomme, Marie-Laurence},
	date = {2018},
	keywords = {pp}
}

@online{tei_consortium_p5_2020,
	title = {P5 : Guidelines for Electronic Text Encoding and Interchange},
	url = {https://www.tei-c.org/release/doc/tei-p5-doc/fr/html/index.html},
	author = {{TEI Consortium}},
	urldate = {2020-09-10},
	date = {2020-08-19},
	langid = {french},
	keywords = {utilitaires},
	file = {Snapshot:/Users/lucasterriel/Zotero/storage/TZW56GG5/index.html:text/html}
}

@online{camps_github_2017,
	title = {Github {\textbar} biblatex-enc},
	url = {https://github.com/ Jean-Baptiste-Camps/biblatex-enc},
	author = {Camps, Jean-Baptiste},
	date = {2017-05-23},
	keywords = {utilitaires}
}

@online{wikibooks_latex_2016,
	title = {{LaTeX} — Wikilivres},
	url = {https://fr.wikibooks.org/wiki/LaTeX},
	author = {{Wikibooks}},
	urldate = {2020-09-10},
	date = {2016-11-15},
	langid = {french},
	keywords = {utilitaires},
	file = {LaTeX — Wikilivres:/Users/lucasterriel/Zotero/storage/UE3D6CZP/LaTeX.html:text/html}
}

@book{datta_latex_2017,
	title = {{LaTeX} in 24 Hours: A Practical Guide for Scientific Writing},
	isbn = {978-3-319-47830-2},
	url = {https://www.springer.com/gp/book/9783319478302},
	shorttitle = {{LaTeX} in 24 Hours},
	abstract = {This book presents direct and concise explanations and examples to many {LaTeX} syntax and structures, allowing students and researchers to quickly understand the basics that are required for writing and preparing book manuscripts, journal articles, reports, presentation slides and academic theses and dissertations for publication. Unlike much of the literature currently available on {LaTeX}, which takes a more technical stance, focusing on the details of the software itself, this book presents a user-focused guide that is concerned with its application to everyday tasks and scenarios. It is packed with exercises and looks at topics like formatting text, drawing and inserting tables and figures, bibliographies and indexes, equations, slides, and provides valuable explanations to error and warning messages so you can get work done with the least time and effort needed. This means {LaTeX} in 24 Hours can be used by students and researchers with little or no previous experience with {LaTeX} to gain quick and noticeable results, as well as being used as a quick reference guide for those more experienced who want to refresh their knowledge on the subject.},
	publisher = {Springer International Publishing},
	author = {Datta, Dilip},
	urldate = {2020-09-10},
	date = {2017},
	langid = {english},
	doi = {10.1007/978-3-319-47831-9},
	file = {Snapshot:/Users/lucasterriel/Zotero/storage/KTN9ZG3E/9783319478302.html:text/html}
}

@book{datta_latex_2017-1,
	location = {Cham},
	title = {{LaTeX} in 24 hours: a practical guide for scientific writing},
	shorttitle = {{LaTeX} in 24 hours},
	pagetotal = {296},
	publisher = {Springer},
	author = {Datta, Dilip},
	date = {2017},
	keywords = {utilitaires}
}

@software{syncro_soft_ltd_oxygen_nodate,
	title = {Oxygen {XML} Editor},
	rights = {Licence propriétaire},
	url = {https://www.oxygenxml.com/},
	publisher = {{SyncRO} Soft Ltd.},
	author = {{SyncRO Soft Ltd.}},
	keywords = {logiciels}
}

@software{noauthor_gitlab_nodate,
	title = {Gitlab},
	rights = {Open source},
	url = {https://gitlab.com/explore},
	keywords = {logiciels}
}

@software{noauthor_github_nodate,
	title = {Github},
	rights = {Licence propriétaire},
	url = {https://github.com/},
	publisher = {Microsoft},
	keywords = {logiciels}
}

@software{jetbrains_ide_nodate,
	title = {{IDE} {PyCharm}},
	rights = {Licence propriétaire},
	url = {https://www.jetbrains.com/pycharm/},
	publisher = {Jetbrains},
	author = {{Jetbrains}},
	keywords = {logiciels}
}

@software{alder_diagramsnet_nodate,
	title = {Diagrams.net (ex-Draw.io)},
	rights = {Licence Apache (Apache)},
	url = {https://www.diagrams.net/},
	publisher = {{JGraph} {LTD}},
	author = {Alder, Gaudenz and Benson, David},
	keywords = {logiciels}
}

@software{skinner_sublime_nodate,
	title = {Sublime Text},
	rights = {Licence propriétaire},
	url = {https://www.sublimetext.com/},
	publisher = {Sublime {HQ}},
	author = {Skinner, Jon},
	keywords = {logiciels}
}

@software{mattis_gimp_nodate,
	title = {{GIMP}},
	rights = {{AGPLv}3},
	url = {gitlab.gnome.org/GNOME/gimp},
	author = {Mattis, Peter and Kimball, Spencer},
	keywords = {logiciels}
}

@software{kay_saxon_nodate,
	title = {Saxon {XSLT}},
	rights = {Open Source},
	url = {http://saxon.sourceforge.net/},
	version = {10.1.},
	publisher = {Saxonica},
	author = {Kay, Michael},
	keywords = {logiciels}
}

@software{gougelet_xnview_nodate,
	title = {{XnView}},
	rights = {Licence propriétaire},
	url = {https://www.xnview.com/fr/},
	author = {Gougelet, Pierre-Emmanuel},
	keywords = {logiciels}
}

@software{lopez_entity-fishing_nodate,
	title = {Entity-fishing - Entity Recognition and Disambiguation},
	rights = {Apache 2.0 license},
	url = {http://nerd.huma-num.fr/nerd/},
	publisher = {{INRIA}-{ALMANACH}},
	author = {Lopez, Patrice},
	keywords = {logiciels}
}

@software{hammersley_overleaf_nodate,
	title = {Overleaf},
	rights = {{AGPLv}3},
	url = {https://www.overleaf.com/project},
	author = {Hammersley, John and Lees-Miller, John},
	keywords = {logiciels}
}

@online{noauthor_frhypothesesorg_nodate,
	title = {fr.hypotheses.org – Blogs en sciences humaines et sociales},
	url = {https://fr.hypotheses.org/},
	urldate = {2020-09-10},
	langid = {french},
	keywords = {logiciels},
	file = {Snapshot:/Users/lucasterriel/Zotero/storage/YNIS8S66/fr.hypotheses.org.html:text/html}
}

@online{noauthor_stack_nodate,
	title = {Stack Overflow - Where Developers Learn, Share, \& Build Careers},
	url = {https://stackoverflow.com/},
	abstract = {Stack Overflow is the largest, most trusted online community for developers to learn, share​ ​their programming ​knowledge, and build their careers.},
	titleaddon = {Stack Overflow},
	urldate = {2020-09-10},
	keywords = {utilitaires},
	file = {Snapshot:/Users/lucasterriel/Zotero/storage/22FZRCIQ/stackoverflow.com.html:text/html}
}

@online{noauthor_tex_nodate,
	title = {{TeX} - {LaTeX} Stack Exchange},
	url = {https://tex.stackexchange.com/},
	abstract = {Q\&A for users of {TeX}, {LaTeX}, {ConTeXt}, and related typesetting systems},
	titleaddon = {{TeX} - {LaTeX} Stack Exchange},
	urldate = {2020-09-10},
	keywords = {utilitaires},
	file = {Snapshot:/Users/lucasterriel/Zotero/storage/BUJK7MXD/tex.stackexchange.com.html:text/html}
}

@online{noauthor_flask_nodate,
	title = {Flask 1.1.2},
	url = {https://flask.palletsprojects.com/en/1.1.x/},
	keywords = {package}
}

@online{noauthor_python_nodate,
	title = {Python 3.7.0 : language \& built-in packages},
	url = {https://docs.python.org/3/},
	keywords = {package}
}

@online{noauthor_pandas_nodate,
	title = {pandas 1.0.3},
	url = {https://pandas.pydata.org/docs/},
	keywords = {package}
}

@online{noauthor_seaborn_nodate,
	title = {seaborn 0.10.1},
	url = {https://seaborn.pydata.org/},
	keywords = {package}
}

@online{noauthor_tqdm_nodate,
	title = {tqdm 4.46.1},
	url = {https://tqdm.github.io/},
	keywords = {package}
}

@online{noauthor_pillow_nodate,
	title = {pillow 7.2.0},
	url = {https://pillow.readthedocs.io/en/stable/},
	keywords = {package}
}

@online{noauthor_scikit-learn_nodate,
	title = {scikit-learn 0.22.1},
	url = {https://scikit-learn.org/stable/user_guide.html},
	keywords = {package}
}

@online{noauthor_termcolor_nodate,
	title = {termcolor 1.1.0},
	url = {https://pypi.org/project/termcolor/},
	keywords = {package}
}

@online{noauthor_lxml_nodate,
	title = {lxml 4.5},
	url = {https://lxml.de/},
	keywords = {package}
}

@online{noauthor_bs4_nodate,
	title = {bs4 - Beautiful Soup 4.4.0},
	url = {https://www.crummy.com/software/BeautifulSoup/bs4/doc/},
	keywords = {package}
}

@online{noauthor_kraken_nodate,
	title = {Kraken {API}},
	url = {http://kraken.re/api.html},
	keywords = {package}
}

@online{noauthor_pyexiftool_nodate,
	title = {{PyExifTool}  0.1},
	url = {http://smarnach.github.io/pyexiftool/},
	keywords = {package}
}

@online{noauthor_pyfiglet_nodate,
	title = {pyfiglet 0.8.0},
	url = {https://github.com/pwaller/pyfiglet},
	keywords = {package}
}

@online{noauthor_matplotlib_nodate,
	title = {matplotlib 3.1.3},
	url = {https://matplotlib.org/contents.html#},
	keywords = {package}
}

@online{noauthor_prompt-toolkit_nodate,
	title = {prompt-toolkit 3.0.5},
	url = {https://python-prompt-toolkit.readthedocs.io/en/master/},
	keywords = {package}
}

@online{noauthor_numpy_nodate,
	title = {numpy 1.19},
	url = {https://numpy.org/doc/stable/},
	keywords = {package}
}

@online{noauthor_nltk_nodate,
	title = {nltk 3.5},
	url = {https://www.nltk.org/},
	keywords = {package}
}

@online{noauthor_python-levenshtein_nodate,
	title = {python-Levenshtein 0.12.0},
	url = {https://rawgit.com/ztane/python-Levenshtein/master/docs/Levenshtein.html},
	keywords = {package}
}

@online{stutzmann_ead-tei_2019,
	title = {{EAD}-{TEI} et {TEI}-{EAD} : quelques réflexions sur la conversion des notices de manuscrits médiévaux d’un format à l’autre},
	url = {https://oriflamms.hypotheses.org/1715},
	shorttitle = {{EAD}-{TEI} et {TEI}-{EAD}},
	abstract = {Le cycle des métadonnées est un système complexe, sur lequel j’ai écrit il y a déjà fort longtemps lorsque je travaillais au département des Métadonnées de la Bibliothèque nationale de France, lorsqu’il s’appelait département de « l’information bibliographique et numérique ({IBN}) »[1]. Après avoir changé de métier, la problématique a pris un tour différent et, délaissant les … Continuer la lecture de {EAD}-{TEI} et {TEI}-{EAD} : quelques réflexions sur la conversion des notices de manuscrits médiévaux d’un format à l’autre  →},
	titleaddon = {Écriture médiévale \& numérique},
	type = {Billet},
	author = {Stutzmann, Dominique},
	urldate = {2020-09-10},
	date = {2019},
	langid = {french},
	keywords = {xml},
	file = {Snapshot:/Users/lucasterriel/Zotero/storage/87Q9EPK4/1715.html:text/html}
}

@online{inistcnrs_istex_2020,
	title = {{ISTEX} et Conditor convertis au format {TEI}},
	url = {https://www.inist.fr/realisations/istex-et-conditor-convertis-au-format-tei/},
	abstract = {Réalisations {TEI} format Istex Conditor},
	titleaddon = {{INIST}},
	author = {{INIST/CNRS}},
	urldate = {2020-09-10},
	date = {2020-01-13},
	langid = {french},
	keywords = {xml},
	file = {Snapshot:/Users/lucasterriel/Zotero/storage/W5QSBZNY/istex-et-conditor-convertis-au-format-tei.html:text/html}
}

@unpublished{camps_structuration_2017,
	location = {Ecole nationale des chartes},
	title = {Structuration des données et des documents : balisage {XML} - Personnaliser la {TEI} : One Document Does it all},
	url = {https://halshs.archives-ouvertes.fr/cel-01706530/file/06_TEI_ODD_Camps_20170202.pdf},
	author = {Camps, Jean-Baptiste},
	date = {2017},
	langid = {french},
	keywords = {xml}
}

@book{capelli_tei_2015,
	title = {A {TEI} conformant pivot format for the {HAL} back-office},
	url = {https://hal.archives-ouvertes.fr/hal-01221774},
	author = {Capelli, Laurent and Farhi, Laurence and Romary, Laurent},
	urldate = {2020-09-10},
	date = {2015-10},
	note = {Published: Text Encoding Initiative Conference and members meeting 2015},
	keywords = {xml},
	file = {HAL Snapshot:/Users/lucasterriel/Zotero/storage/BZZWKUUQ/hal-01221774.html:text/html}
}

@article{romary_natural_2014,
	title = {Natural Language Processing for Historical Texts Michael Piotrowski (Leibniz Institute of European History) Morgan \& Claypool (Synthesis Lectures on Human Language Technologies, edited by Graeme Hirst, volume 17), 2012, ix+157 p},
	volume = {40},
	url = {https://hal.inria.fr/hal-01016318},
	abstract = {Book review of Michael Piotrowski's Natural Language Processing for Historical Texts},
	pages = {231--233},
	number = {1},
	journaltitle = {Computational Linguistics - {MIT}},
	author = {Romary, Laurent},
	urldate = {2020-09-10},
	date = {2014},
	langid = {english},
	keywords = {ia},
	file = {Full Text PDF:/Users/lucasterriel/Zotero/storage/MP26AWG9/Romary - 2014 - Natural Language Processing for Historical Texts M.pdf:application/pdf;Snapshot:/Users/lucasterriel/Zotero/storage/FLV4DZ28/hal-01016318.html:text/html}
}

@online{monella_linking_nodate,
	title = {Linking Text and image: {TEI} {XML} and {IIIF}},
	rights = {http://creativecommons.org/licenses/by-sa/4.0/},
	url = {http://www1.unipa.it/paolo.monella/reires2019/},
	shorttitle = {Linking Text and image},
	abstract = {Workshop for {ReIReS} students on strategies to make {TEI} {XML} and {IIIF} interact},
	author = {Monella, Paolo},
	urldate = {2020-09-10},
	langid = {english},
	keywords = {xml},
	file = {Snapshot:/Users/lucasterriel/Zotero/storage/HLQ2GDFL/reires2019.html:text/html}
}

@software{dutch_language_institute_alto2tei_nodate,
	title = {alto2tei},
	url = {https://github.com/INL/OpenConvert/blob/master/resources/xsl/alto2tei.xsl},
	publisher = {Instituut voor de Nederlandse Taal ({INT}; formerly {INL})},
	author = {{Dutch Language Institute}},
	keywords = {logiciels}
}

@software{university_of_oxford_-__bodleian_library_ead2enrich_nodate,
	title = {ead2enrich},
	url = {http://projects.oucs.ox.ac.uk/ENRICH/XSLT/xsl/ead2enrich.xsl},
	publisher = {University of Oxford -  Bodleian Library},
	author = {{University of Oxford -  Bodleian Library}},
	keywords = {logiciels}
}

@article{noauthor_precision_2020,
	title = {Précision et rappel},
	rights = {Creative Commons Attribution-{ShareAlike} License},
	url = {https://fr.wikipedia.org/w/index.php?title=Pr%C3%A9cision_et_rappel&oldid=169870260},
	urldate = {2020-09-11},
	date = {2020-04-22},
	langid = {french},
	keywords = {ia},
	file = {Snapshot:/Users/lucasterriel/Zotero/storage/QNMS67A4/index.html:text/html}
}

@online{noauthor_handwritten_nodate,
	title = {Handwritten Text Recognition Workflow - Transkribus Wiki},
	url = {https://transkribus.eu/wiki/index.php/Handwritten_Text_Recognition_Workflow},
	urldate = {2020-09-11},
	keywords = {ia},
	file = {Handwritten Text Recognition Workflow - Transkribus Wiki:/Users/lucasterriel/Zotero/storage/8WM477C5/Handwritten_Text_Recognition_Workflow.html:text/html}
}

@online{kiessling_kraken_2019,
	title = {Kraken - an Universal Text Recognizer for the Humanities},
	url = {https://dev.clariah.nl/files/dh2019/boa/0673.html},
	type = {Text},
	author = {Kiessling, Benjamin},
	urldate = {2020-09-11},
	date = {2019-07},
	langid = {english},
	keywords = {ia},
	file = {Snapshot:/Users/lucasterriel/Zotero/storage/2SSRMRH2/0673.html:text/html}
}

@article{noauthor_matthews_2020,
	title = {Matthews correlation coefficient},
	rights = {Creative Commons Attribution-{ShareAlike} License},
	url = {https://en.wikipedia.org/w/index.php?title=Matthews_correlation_coefficient&oldid=974404329},
	urldate = {2020-09-11},
	date = {2020-08-22},
	langid = {english},
	keywords = {ia}
}

@article{wikipedia_reconnaissance_2020,
	title = {Reconnaissance optique de caractères},
	rights = {Creative Commons Attribution-{ShareAlike} License},
	url = {https://fr.wikipedia.org/w/index.php?title=Reconnaissance_optique_de_caract%C3%A8res&oldid=169225409},
	abstract = {La reconnaissance optique de caractères ({ROC}), en anglais optical character recognition ({OCR}), ou océrisation, désigne les procédés informatiques pour la traduction d'images de textes imprimés ou dactylographiés en fichiers de texte.
Un ordinateur réclame pour l'exécution de cette tâche un logiciel d'{OCR}. Celui-ci permet de récupérer le texte dans l'image d'un texte imprimé et de le sauvegarder dans un fichier pouvant être exploité dans un traitement de texte pour enrichissement, et stocké dans une base de données ou sur un autre support exploitable par un système informatique.},
	author = {{Wikipédia}},
	urldate = {2020-09-11},
	date = {2020-04-06},
	langid = {french},
	keywords = {ia}
}

@article{noauthor_reconnaissance_2020,
	title = {Reconnaissance de l'écriture manuscrite},
	rights = {Creative Commons Attribution-{ShareAlike} License},
	url = {https://fr.wikipedia.org/w/index.php?title=Reconnaissance_de_l%27%C3%A9criture_manuscrite&oldid=171738712},
	abstract = {La reconnaissance de l’écriture manuscrite (en anglais, handwritten text recognition ou {HTR}) est un traitement informatique qui a pour but de traduire un texte écrit en un texte codé numériquement.
Il faut distinguer deux reconnaissances distinctes, avec des problématiques et des solutions différentes :

la reconnaissance en-ligne ;
la reconnaissance hors-ligne.
La reconnaissance de l’écriture manuscrite fait appel à la reconnaissance de forme, mais également au traitement automatique du langage naturel. Cela veut dire que le système, tout comme le cerveau humain, reconnaît des mots et des phrases existant dans un langage connu plutôt qu’une succession de caractères. Ceci améliore grandement la robustesse.},
	urldate = {2020-09-11},
	date = {2020-06-06},
	langid = {french},
	keywords = {ia}
}

@thesis{ouji_segmentation_2012,
	title = {Segmentation et classification dans les images de documents numérisés},
	url = {https://tel.archives-ouvertes.fr/tel-00749933},
	abstract = {Les travaux de cette thèse ont été effectués dans le cadre de l'analyse et du traitement d'images de documents imprimés afin d'automatiser la création de revues de presse. Les images en sortie du scanner sont traitées sans aucune information a priori ou intervention humaine. Ainsi, pour les caractériser, nous présentons un système d'analyse de documents composites couleur qui réalise une segmentation en zones colorimétriquement homogènes et qui adapte les algorithmes d'extraction de textes aux caractéristiques locales de chaque zone. Les informations colorimétriques et textuelles fournies par ce système alimentent une méthode de segmentation physique des pages de presse numérisée. Les blocs issus de cette décomposition font l'objet d'une classification permettant, entre autres, de détecter les zones publicitaires. Dans la continuité et l'expansion des travaux de classification effectués dans la première partie, nous présentons un nouveau moteur de classification et de classement générique, rapide et facile à utiliser. Cette approche se distingue de la grande majorité des méthodes existantes qui reposent sur des connaissances a priori sur les données et dépendent de paramètres abstraits et difficiles à déterminer par l'utilisateur. De la caractérisation colorimétrique au suivi des articles en passant par la détection des publicités, l'ensemble des approches présentées ont été combinées afin de mettre au point une application permettant la classification des documents de presse numérisée par le contenu.},
	institution = {{INSA} de Lyon},
	type = {phdthesis},
	author = {Ouji, Asma},
	urldate = {2020-09-11},
	date = {2012-06-01},
	langid = {french},
	keywords = {ia}
}

@online{kermorvant_reconnaissance_2019,
	title = {La reconnaissance d'écriture manuscrite},
	url = {https://dataanalyticspost.com/la-reconnaissance-decriture-manuscrite-de-nouvelles-applications-pour-un-des-plus-vieux-problemes-dia/},
	abstract = {La reconnaissance d'écriture manuscrite est l’un des plus vieux problèmes qui ait été posé à l'intelligence artificielle, depuis son avènement dans les années 1950. Terrain de jeu incontournable des nouveaux algorithmes d’apprentissage, elle reste un véritable défi scientifique et technique.},
	titleaddon = {Data Analytics Post},
	author = {Kermorvant, Christopher},
	urldate = {2020-09-11},
	date = {2019-10-08},
	langid = {french},
	keywords = {ia}
}

@article{noauthor_indice_2019,
	title = {Indice et distance de Jaccard},
	rights = {Creative Commons Attribution-{ShareAlike} License},
	url = {https://fr.wikipedia.org/w/index.php?title=Indice_et_distance_de_Jaccard&oldid=162581283},
	abstract = {L'indice et la distance de Jaccard sont deux métriques utilisées en statistiques pour comparer la similarité et la diversité (en) entre des échantillons. Elles sont nommées d'après le botaniste suisse Paul Jaccard.},
	urldate = {2020-09-11},
	date = {2019-09-11},
	langid = {french},
	keywords = {ia}
}

@article{noauthor_similarite_2020,
	title = {Similarité cosinus},
	rights = {Creative Commons Attribution-{ShareAlike} License},
	url = {https://fr.wikipedia.org/w/index.php?title=Similarit%C3%A9_cosinus&oldid=167624629},
	urldate = {2020-09-11},
	date = {2020-02-20},
	langid = {french},
	note = {Page Version {ID}: 167624629},
	keywords = {ia}
}

@book{russell_intelligence_2010,
	edition = {Pearson Education France},
	title = {Intelligence artificielle: Avec plus de 500 exercices},
	shorttitle = {Intelligence artificielle},
	abstract = {Écrit par les experts de renommée mondiale, ce livre est la référence incontournable en matière d'intelligence artificielle ({IA}) dont il présente et analyse tous les concepts : logique, probabilités, mathématiques discrètes et du continu, perception, raisonnement, apprentissage, prise de décision et action.Sa spécificité est de présenter l'{IA} à travers le concept des agents intelligents. Les auteurs exposent comment un système réussit à percevoir son environnement de manière à analyser ce qu'il s’y passe, et comment il transforme la perception qu’il a de son environnement en actions concrètes.Parmi les sujets couverts :- les contributions historiques des mathématiques, de la théorie des jeux, de l’économie, de la théorie des probabilités, de la psychologie, de la linguistique et des neurosciences ;- les méthodes qui permettent de prendre des décisions lors de l’établissement d’un projet, en tenant compte des étapes à venir ;- les différentes manières de représenter formellement les connaissances relatives au monde qui nous entoure ainsi que le raisonnement logique fondé sur ces connaissances ;- les méthodes de raisonnement qui permettent d’établir des plans et donc de proposer des actions à entreprendre ;- la prise de décisions en environnement incertain : réseaux bayésiens et algorithmes tels que l’élimination de variables et {MCMC} (Markov Chain Monte-Carlo) ;- les méthodes employées pour générer les connaissances exigées par les composants de prise de décision : les algorithmes de boosting, l’algorithme {EM} (expectation-minimization), l’apprentissage à base d’exemples et les méthodes à noyaux (machines à vecteurs support) ;- les implications philosophiques et éthiques de l’{IA}.Chaque chapitre est illustré par de nombreux exemples et s’achève par des activités, qui vont des exercices de réflexion à des exercices de programmation, en passant par l’approfondissement des méthodes décrites, soit plus de 500 activités au total.Cette 3e édition tient compte des derniers développements de la matière, concernant notamment les représentations qu’un agent peut utiliser (atomique, factorisée, structurée), les environnements partiellement observables et non déterministes, les planifications contingente et hiérarchique, les modèles probabilistes du premier ordre, l’apprentissage automatique, la recherche et l’extraction d’information sur le web et l’apprentissage à partir de très grandes bases de données.},
	pagetotal = {1217},
	publisher = {Pearson Education France},
	author = {Russell, Stuart and Norvig, Peter},
	date = {2010-12-10},
	langid = {french},
	keywords = {ia}
}

@article{noauthor_methode_2020,
	title = {Méthode des k plus proches voisins},
	rights = {Creative Commons Attribution-{ShareAlike} License},
	url = {https://fr.wikipedia.org/w/index.php?title=M%C3%A9thode_des_k_plus_proches_voisins&oldid=173680633},
	urldate = {2020-09-11},
	date = {2020-08-09},
	langid = {french},
	keywords = {ia}
}

@article{noauthor_modemarkov_2019,
	title = {Modèle de Markov caché},
	rights = {Creative Commons Attribution-{ShareAlike} License},
	url = {https://fr.wikipedia.org/w/index.php?title=Mod%C3%A8le_de_Markov_cach%C3%A9&oldid=163612626},
	abstract = {Un modèle de Markov caché ({MMC}, terme et définition normalisés par l’{ISO}/{CÉI} [{ISO}/{IEC} 2382-29:1999]) —en anglais : hidden Markov model ({HMM})—, ou plus correctement (mais non employé) automate de Markov à états cachés, est un modèle statistique dans lequel le système modélisé est supposé être un processus markovien de paramètres inconnus. Contrairement à une chaîne de Markov classique, où les transitions prises sont inconnues de l'utilisateur mais où les états d'une exécution sont connus, dans un modèle de Markov caché, les états d'une exécution sont inconnus de l'utilisateur (seuls certains paramètres, comme la température, etc. sont connus de l'utilisateur).
Les modèles de Markov cachés sont massivement utilisés notamment en reconnaissance de formes, en intelligence artificielle ou encore en traitement automatique du langage naturel.},
	urldate = {2020-09-11},
	date = {2019-10-17},
	langid = {french},
	keywords = {ia}
}

@book{varela_invitation_1996,
	edition = {Seuil},
	title = {Invitation aux sciences cognitives},
	pagetotal = {122},
	author = {Varela, Francisco},
	date = {1996-02-09},
	keywords = {ia}
}

@article{mcculloch_logical_1943,
	title = {A logical calculus of the ideas immanent in nervous activity},
	volume = {5},
	url = {https://www.cs.cmu.edu/~./epxing/Class/10715/reading/McCulloch.and.Pitts.pdf},
	abstract = {Because of the “all-or-none” character of nervous activity, neural events and the relations among them can be treated by means of propositional logic. It is found that the behavior of every net can be described in these terms, with the addition of more complicated logical means for nets containing circles; and that for any logical expression satisfying certain conditions, one can find a net behaving in the fashion it describes. It is shown that many particular choices among possible neurophysiological assumptions are equivalent, in the sense that for every net behaving under one assumption, there exists another net which behaves under the other and gives the same results, although perhaps not in the same time. Various applications of the calculus are discussed.},
	pages = {115--133},
	number = {4},
	journaltitle = {The bulletin of mathematical biophysics},
	shortjournal = {Bulletin of Mathematical Biophysics},
	author = {{McCulloch}, Warren S. and Pitts, Walter},
	urldate = {2020-09-11},
	date = {1943-12-01},
	langid = {english},
	keywords = {ia}
}

@article{rosenblatt_perceptron_1958,
	title = {The perceptron: a probabilistic model for information storage and organization in the brain.},
	doi = {10.1037/h0042519},
	shorttitle = {The perceptron},
	abstract = {The first of these questions is in the province of sensory physiology, and is the only one for which appreciable understanding has been achieved. This article will be concerned primarily with the second and third questions, which are still subject to a vast amount of speculation, and where the few relevant facts currently supplied by neurophysiology have not yet been integrated into an acceptable theory. With regard to the second question, two alternative positions have been maintained. The first suggests that storage of sensory information is in the form of coded representations or images, with some sort of one-to-one mapping between the sensory stimulus},
	journaltitle = {Psychological review},
	author = {Rosenblatt, F.},
	date = {1958},
	keywords = {ia}
}

@thesis{swaileh_modeles_2017,
	title = {Des modèles de langage pour la reconnaissance de l'écriture manuscrite},
	url = {http://www.theses.fr/2017NORMR024},
	abstract = {Cette thèse porte sur le développement d'une chaîne de traitement complète pour réaliser des tâches de reconnaissance d'écriture manuscrite non contrainte. Trois difficultés majeures sont à résoudre: l'étape du prétraitement, l'étape de la modélisation optique et l'étape de la modélisation du langage. Au stade des prétraitements il faut extraire correctement les lignes de texte à partir de l'image du document. Une méthode de segmentation itérative en lignes utilisant des filtres orientables a été développée à cette fin. La difficulté dans l’étape de la modélisation optique vient de la diversité stylistique des scripts d'écriture manuscrite. Les modèles optiques statistiques développés sont des modèles de Markov cachés ({HMM}-{GMM}) et les modèles de réseaux de neurones récurrents ({BLSTM}-{CTC}). Les réseaux récurrents permettent d’atteindre les performances de l’état de l’art sur les deux bases de référence {RIMES} (pour le Français) et {IAM} (pour l’anglais). L'étape de modélisation du langage implique l'intégration d’un lexique et d’un modèle de langage statistique afin de rechercher parmi les hypothèses proposées par le modèle optique, la séquence de mots (phrase) la plus probable du point de vue linguistique. La difficulté à ce stade est liée à l’obtention d’un modèle de couverture lexicale optimale avec un minimum de mots hors vocabulaire ({OOV}). Pour cela nous introduisons une modélisation en sous-unités lexicales composée soit de syllabes soit de multigrammes. Ces modèles couvrent efficacement une partie importante des mots hors vocabulaire. Les performances du système de reconnaissance avec les unités sous-lexicales dépassent les performances des systèmes de reconnaissance traditionnelles de mots ou de caractères en présence d’un fort taux de mots hors lexique. Elles sont équivalentes aux modèles traditionnels en présence d’un faible taux de mots hors lexique. Grâce à la taille compacte du modèle de langage reposant sur des unités sous-lexicales, un système de reconnaissance multilingue unifié a été réalisé. Le système multilingue unifié améliore les performances de reconnaissance par rapport aux systèmes spécialisés dans chaque langue, notamment lorsque le modèle optique unifié est utilisé.},
	institution = {Normandie},
	type = {thesis},
	author = {Swaileh, Wassim},
	urldate = {2020-09-11},
	date = {2017-10-04},
	keywords = {ia}
}

@thesis{mioulet_reconnaissance_2015,
	title = {Reconnaissance de l’écriture manuscrite avec des réseaux récurrents},
	url = {https://hal.archives-ouvertes.fr/tel-01301728},
	abstract = {La numérisation massive de documents papier a fait apparaître le besoin d’avoir des systèmes de reconnaissance de l’écriture extrêmement performants. La numérisation de ces documents permet d’effectuer des opérations telles que des recherches de mots clefs ou l’extraction d’informations de haut niveau (titre, auteur, adresses, et.). Cependant la reconnaissance de l’écriture et en particulier l’écriture manuscrite ne sont pas encore au niveau de performance de l’homme sur des documents complexes, ce qui restreint ou nuit à certaines applications. Cette thèse {CIFRE} entre Airbus {DS} et le {LITIS}, dans le cadre du projet {MAURDOR}, a pour but de mettre en avant et d’améliorer les méthodes état de l’art dans le domaine de la reconnaissance de l’écriture manuscrite. Nos travaux comparent différents systèmes permettant d’effectuer la reconnaissance de l’écriture manuscrite. Nous comparons en particulier différentes caractéristiques et différents classifieurs dynamiques : i) Modèles de Markov Cachés ({MMC}), ii) hybride réseaux de neurones/{MMC}, iii) hybride réseaux récurrents « Bidirectional Long Short Term Memory - Connectionist Temporal Classification » ({BLSTM}-{CTC})/{MMC} et iv) hybride Champs Aléatoires Conditionnels ({CAC})/{MMC}. Les comparaisons sont réalisées dans les conditions de la tâche {WR}2 de la compétition {ICDAR} 2009, c’est à dire une tâche de reconnaissance de mots isolés avec un dictionnaire de 1600 mots. Nous montrons la supériorité de l’hybride {BLSTM}-{CTC}/{MMC} sur les autres classifieurs dynamiques ainsi que la complémentarité des sorties des {BLSTM}-{CTC} utilisant différentes caractéristiques. Notre seconde contribution vise à exploiter ces complémentarités. Nous explorons des stratégies de combinaisons opérant à différents niveaux de la structure des {BLSTM}-{CTC} : bas niveau (en entrée), moyen niveau (dans le réseau), haut niveau (en sortie). Nous nous plaçons de nouveau dans les conditions de la tâche {WR}2 de la compétition {ICDAR} 2009. De manière générale nos combinaisons améliorent les résultats par rapport aux systèmes individuels, et nous avoisinons les performances du meilleur système de la compétition. Nous avons observé que certaines combinaisons sont adaptées à des systèmes sans lexique tandis que d’autres sont plus appropriées pour des systèmes avec lexique. Notre troisième contribution se situe sur deux applications liées à la reconnaissance de l’écriture. Nous présentons un système de reconnaissance de la langue ainsi qu’un système de détection de mots clefs, à partir de requêtes images et de requêtes de texte. Dans ces deux applications nous présentons une approche originale faisant appel à la reconnaissance de l’écriture. En effet la plupart des systèmes de la littérature extraient des caractéristiques des image pour déterminer une langue ou trouver des images similaires, ce qui n’est pas nécessairement l’approche la plus adaptée au problème à traiter. Nos approches se basent sur une phase de reconnaissance de l’écriture puis une analyse du texte afin de déterminer la langue ou de détecter un mot clef recherché.},
	institution = {Université de rouen},
	type = {phdthesis},
	author = {Mioulet, Luc},
	urldate = {2020-09-11},
	date = {2015-07-03},
	langid = {french},
	keywords = {ia}
}

@book{carstairs_manuel_1829,
	title = {Manuel de calligraphie. Méthode complète de Carstairs dite américaine, ou L'art d'écrire en peu de leçons par des moyens prompts et faciles ...},
	rights = {domaine public},
	url = {https://gallica.bnf.fr/ark:/12148/bpt6k35396g},
	abstract = {Manuel de calligraphie. Méthode complète de Carstairs dite américaine, ou L'art d'écrire en peu de leçons par des moyens prompts et faciles ... ; traduit de l'anglais sur la dernière édition, par M. Trémery.... accompagné d'un Atlas... Nouvelle édition, revue et corrigée -- 1829 -- livre},
	author = {Carstairs, Joseph},
	urldate = {2020-09-11},
	date = {1829},
	keywords = {{XIX}}
}

@book{magnee_parfait_1828,
	title = {Le parfait calligraphe, ou méthode pour apprendre soi-même a écrire en peu de leçons},
	pagetotal = {84},
	publisher = {Calligraphie Royale},
	author = {Magnée, François},
	date = {1828},
	langid = {french},
	keywords = {{XIX}}
}

@book{fremont_cahiers_1837,
	title = {Cahiers manuscrits, recueil de toutes sortes d'écritures lithographiées, pour exercer à la lecture des écritures difficiles},
	rights = {domaine public},
	url = {https://gallica.bnf.fr/ark:/12148/bpt6k1162328s},
	abstract = {Cahiers manuscrits, recueil de toutes sortes d'écritures lithographiées, pour exercer à la lecture des écritures difficiles,... par E.-L. Frémont,... -- 1837 -- livre},
	author = {Frémont, E.-L.},
	urldate = {2020-09-11},
	date = {1837},
	keywords = {{XIX}}
}

@book{werdet_innovation_1841,
	title = {Innovation : leçons d'écriture simplifiée, par Werdet père...},
	rights = {domaine public},
	url = {https://gallica.bnf.fr/ark:/12148/bpt6k130683n},
	shorttitle = {Innovation},
	abstract = {Innovation : leçons d'écriture simplifiée, par Werdet père... -- 1841 -- livre},
	author = {Werdet, Jean-Baptiste},
	urldate = {2020-09-11},
	date = {1841},
	keywords = {{XIX}}
}

@book{molliard_methode_1861,
	title = {Méthode pratique et simultanée de lecture, d'écriture et d'orthographe},
	rights = {domaine public},
	url = {https://gallica.bnf.fr/ark:/12148/bpt6k6152346g},
	abstract = {Méthode pratique et simultanée de lecture, d'écriture et d'orthographe, par {MM}. Molliard,... Hinard,... 2e partie. Cahier n° 1 [-2]... -- 1861 -- livre},
	author = {Molliard and Hinard},
	urldate = {2020-09-11},
	date = {1861},
	keywords = {{XIX}}
}

@book{berliner_cours_1862,
	title = {Cours complet de tous les genres d'écritures usités en France, dédié à ses élèves},
	rights = {domaine public},
	url = {https://gallica.bnf.fr/ark:/12148/bpt6k164353h},
	abstract = {Cours complet de tous les genres d'écritures usités en France, dédié à ses élèves par A. Berliner,... -- 1862 -- livre},
	author = {Berliner, Arnold},
	urldate = {2020-09-11},
	date = {1862},
	keywords = {{XIX}}
}

@book{papi_traite_1865,
	title = {Traité de calligraphie théorique et pratique, comprenant : l'expédiée française, nouveau genre d'écriture très-lisible et très-rapide, la ronde, la coulée-bâtarde, la gothique et l'anglaise},
	rights = {domaine public},
	url = {https://gallica.bnf.fr/ark:/12148/bpt6k1182750j},
	shorttitle = {Traité de calligraphie théorique et pratique, comprenant},
	abstract = {Traité de calligraphie théorique et pratique, comprenant : l'expédiée française, nouveau genre d'écriture très-lisible et très-rapide, la ronde, la coulée-bâtarde, la gothique et l'anglaise, par Marc-André Papi,... -- 1865 -- livre},
	author = {Papi, Marc-André},
	urldate = {2020-09-11},
	date = {1865},
	keywords = {{XIX}}
}

@book{andre_livre_1898,
	title = {Le Livre d'écriture, recueil de modèles d'écriture, avec conseils aux élèves, pouvant servir dans toutes les écoles, et particulièrement dans celles où l'on fait usage du cahier unique (individuel)},
	rights = {domaine public},
	url = {https://gallica.bnf.fr/ark:/12148/bpt6k14212562},
	abstract = {Le Livre d'écriture, recueil de modèles d'écriture, avec conseils aux élèves, pouvant servir dans toutes les écoles, et particulièrement dans celles où l'on fait usage du cahier unique (individuel), par Anatole André,... -- 1898 -- livre},
	author = {André, Anatole},
	urldate = {2020-09-11},
	date = {1898},
	keywords = {{XIX}}
}

@book{ganascia_mythe_2017,
	title = {Le Mythe de la Singularité},
	abstract = {Le Mythe de la Singularité, Jean-Gabriel Ganascia : L’intelligence artificielle va-t-elle bientôt dépasser celle des humains ? Ce moment critique, baptisé « Singularité technologique », fait partie des nouveaux buzzwords de la futurologie contemporaine et son imminence est proclamée à grand renfort d’annonces mirobolantes par des technogourous comme Ray Kurzweil (chef de projet chez Google !) ou Nick Bostrom (de la vénérable université d’Oxford)},
	publisher = {Seuil},
	author = {Ganascia, Gabriel},
	urldate = {2020-09-11},
	date = {2017-02-02},
	langid = {french},
	keywords = {ia}
}

@article{thomas_modeneuro_2013,
	title = {Un modèle neuro markovien profond pour l'extraction de séquences dans des documents manuscrits},
	volume = {Vol. 16},
	issn = {1279-5127},
	url = {https://www.cairn.info/revue-document-numerique-2013-2-page-49.html},
	abstract = {Dans cet article, nous proposons un syst\&\#232;me d\&\#8217;extraction de mots cl\&\#233;s dans des documents manuscrits. Notre approche est bas\&\#233;e sur la reconnaissance des lignes de texte \&\#224; l\&\#8217;aide d\&\#8217;un mod\&\#232;le {HMM} capable de rejeter les mots n\&\#8217;appartenant pas \&\#224; un lexique pr\&\#233;d\&\#233;fini. Afin d\&\#8217;\&\#234;tre plus discriminant, nous avons remplac\&\#233; les m\&\#233;langes de gaussiennes des {HMM} par un r\&\#233;seau de neurones profond pour calculer les probabilit\&\#233;s a posteriori des observations. Nous montrons sur la base de documents des comp\&\#233;titions {ICDAR} 2009 l\&\#8217;int\&\#233;r\&\#234;t de notre approche d\&\#8217;extraction d\&\#8217;information par rapport \&\#224; une strat\&\#233;gie bas\&\#233;e sur la reconnaissance int\&\#233;grale du document. Les r\&\#233;sultats montrent \&\#233;galement l\&\#8217;apport de l\&\#8217;architecture profonde par rapport aux m\&\#233;langes de gaussiennes.},
	pages = {49--68},
	number = {2},
	journaltitle = {Document numerique},
	author = {Thomas, Simon and Chatelain, Clément and Paquet, Thierry and Heutte, Laurent},
	urldate = {2020-09-11},
	date = {2013},
	langid = {french},
	keywords = {ia}
}

@online{noauthor_rapport_nodate,
	title = {Rapport de Cédric Villani : donner un sens à l'intelligence artificielle ({IA})},
	url = {//www.enseignementsup-recherche.gouv.fr/cid128577/rapport-de-cedric-villani-donner-un-sens-a-l-intelligence-artificielle-ia.html},
	shorttitle = {Rapport de Cédric Villani},
	abstract = {Le rapport sur l\&rsquo;intelligence artificielle ({IA}) r\&eacute;dig\&eacute; par le math\&eacute;maticien et d\&eacute;put\&eacute; C\&eacute;dric Villani, a \&eacute;t\&eacute; rendu public mercredi 28 mars 2018. Parmi les nombreuses pistes propos\&eacute;es : cr\&eacute;er un r\&eacute;seau d\&rsquo;Instituts interdisciplinaires d\&rsquo;intelligence artificielle, mettre en place un supercalculateur con\&ccedil;u sp\&eacute;cifiquement pour les applications d\&rsquo;{IA}, ou encore rendre plus attractives les carri\&egrave;res dans la recherche publique afin d\&rsquo;\&eacute;viter la fuite des cerveaux vers les g\&eacute;ants am\&eacute;ricains.},
	titleaddon = {Ministère de l'Enseignement supérieur, de la Recherche et de l'Innovation},
	urldate = {2020-09-11},
	langid = {french},
	keywords = {ia}
}

@article{turing_computing_1950,
	title = {Computing Machinery and Intelligence},
	volume = {{LIX}},
	url = {https://academic.oup.com/mind/article/LIX/236/433/986238},
	abstract = {I propose to consider the question, ‘Can machines think?’ This should begin with definitions of the meaning of the terms ‘machine’ and ‘think’. The definitions},
	pages = {433--460},
	number = {236},
	journaltitle = {Mind},
	shortjournal = {Mind},
	author = {Turing, Alan M.},
	urldate = {2020-09-11},
	date = {1950-10-01},
	langid = {english},
	keywords = {ia}
}

@article{noauthor_distance_2020,
	title = {Distance de Levenshtein},
	rights = {Creative Commons Attribution-{ShareAlike} License},
	url = {https://fr.wikipedia.org/w/index.php?title=Distance_de_Levenshtein&oldid=170770063},
	urldate = {2020-09-12},
	date = {2020-05-12},
	langid = {french},
	keywords = {ia}
}

@report{bonhomme_repertoire_2018,
	title = {Répertoire des Notaires parisiens Segmentation automatique et reconnaissance d'écriture},
	url = {https://hal.inria.fr/hal-01949198},
	abstract = {Les répertoires des notaires de Paris conservés aux Archives nationales sont parmi les fonds les plus consultés par le public, mais s’ils sont numérisés et disponibles sur la Salle des Inventaires Virtuelle, pour les exploiter les lecteurs doivent toujours en passer par un dépouillement méthodique car ces répertoires ne sont pas transcrits et on ne peut donc pas y effectuer de recherche en plein texte. Afin de les rendre plus aisément utilisables comme inventaires des minutes des notaires, et d’en permettre des exploitations nouvelles, appliquer les techniques de reconnaissance automatique d’écriture à ce volumineux corpus semble particulièrement opportun. La structure régulière des documents, et une certaine prévisibilité de leurs contenus constituent des atouts, tandis que la multiplicité des écritures rencontrées dans les répertoires est une difficulté qui ne peut pas être ignorée. Une phase d’expérimentation a produit des résultats encourageants quant aux performances de la reconnaissance automatique d’écriture sur ces documents, et offert des pistes quant aux moyens de les améliorer au cours d’un projet plus long et plus ambitieux.},
	institution = {Inria},
	type = {report},
	author = {Bonhomme, Marie-Laurence},
	urldate = {2020-09-13},
	date = {2018-10-24},
	langid = {french},
	keywords = {ia}
}

@book{limon-bonnet_les_2013,
	location = {Paris},
	edition = {la Documentation française},
	title = {Les archives notariales :  manuel pratique et juridique},
	isbn = {978-2-11-009428-5},
	series = {Manuels et guides pratiques},
	shorttitle = {Les archives notariales},
	pagetotal = {295},
	publisher = {la Documentation française},
	author = {Limon-Bonnet, Marie-Françoise and Étienne, Geneviève and {France}},
	date = {2013},
	keywords = {hist\_not}
}

@unpublished{chague_lectaurep_2019,
	location = {{INRIA}},
	title = {{LECTAUREP} Lecture Automatique de Répertoires},
	note = {Atelier Culture},
	author = {Chagué, Alix},
	date = {2019-12-02},
	keywords = {pp}
}

@article{kiessling_important_nodate,
	title = {Important New Developments in Arabographic Optical Character Recognition ({OCR})},
	url = {https://www.academia.edu/28923960/Important_New_Developments_in_Arabographic_Optical_Character_Recognition_OCR_},
	abstract = {The {OpenITI} team—building on the foundational open-source {OCR} work of the Leipzig University’s ({LU}) Alexander von Humboldt Chair for Digital Humanities—has achieved Optical Character Recognition ({OCR}) accuracy rates for classical Arabic-script texts},
	author = {Kiessling, Benjamin and Savant, Sarah Bowen and Romanov, Maxim},
	urldate = {2020-09-13},
	langid = {english},
	keywords = {ia}
}

@article{noauthor_informatique_1977,
	title = {Informatique et histoire médiévale. Actes du colloque de Rome (20-22 mai 1975)},
	volume = {31},
	url = {https://www.persee.fr/issue/efr_0000-0000_1977_act_31_1},
	abstract = {Titre : Informatique et histoire médiévale. Actes du colloque de Rome (20-22 mai 1975) Editeur : Ecole française de Rome Lieu de publication : Rome Année de publication :1977 Collection : Collection de l'École française de Rome 31 Format : 436 p.-[1] f. dépl. : fac-sim. ; 25 cm Annotations : Communications et débats de la Table ronde C.N.R.S., organisée par l'École française de Rome et l'Institut d'histoire médiévale de l'Université de Pise, Rome, 20-22 mai 1975 ; présentés par Lucie Fossier, André Vauchez, Cinzio Violante {ISSN} : 0223-5099 {ISBN} : 2-7283-0443-2},
	number = {1},
	urldate = {2020-09-14},
	date = {1977},
	langid = {french},
	keywords = {hum\_num}
}

@unpublished{boros_automatic_2019,
	title = {Automatic Page Classification in a Large Collection of Manuscripts Based on the International Image Interoperability Framework},
	url = {https://www.computer.org/csdl/proceedings-article/icdar/2019/301400a756/1h81wiF3AA0},
	note = {International Conference on Document Analysis and Recognition},
	author = {Boros, Emanuela and Toumi, Alexis and Rouchet, Erwan and Abadie, Bastien and Stutzmann, Dominique and Kermorvant, Christopher},
	urldate = {2020-09-14},
	date = {2019},
	keywords = {ia}
}

@article{muhlberger_preprint_nodate,
	title = {Preprint : Handwritten Text Recognition ({HTR}) of Historical Documents as a Shared Task for Archivists, Computer Scientists and Humanities Scholars. The Model of a Transcription Recognition Platform ({TRP})},
	url = {https://www.academia.edu/8601748/Preprint_Handwritten_Text_Recognition_HTR_of_Historical_Documents_as_a_Shared_Task_for_Archivists_Computer_Scientists_and_Humanities_Scholars_The_Model_of_a_Transcription_and_Recognition_Platform_TRP_},
	shorttitle = {Preprint},
	abstract = {Mass-digitization projects in libraries have received world-wide attention. Today a significant amount of historical books, newspapers and journals are already digitized and available online for search and retrieval. The situation is totally},
	author = {Mühlberger, Günter},
	urldate = {2020-09-14},
	langid = {english},
	keywords = {ia}
}

@book{chaumartin_traitement_2020,
	edition = {Dunod},
	title = {Le traitement automatique des langues. Comprendre les textes grâce à l'intelligence artificielle},
	abstract = {François-Régis Chaumartin Pirmin Lemberger {LE} {TRAITEMENT} {AUTOMATIQUE} {DES} {LANGUES} Comprendre les textes grâce à l'intelligence artificielle Cet ouvrage s'adresse à tous ceux qui cherchent à tirer parti de l'énorme potentiel des technologies de traitement automatique des langues (natural language ...},
	publisher = {Dunod},
	author = {Chaumartin, François-Régis and Lemberger, Pirmin},
	urldate = {2020-09-14},
	date = {2020-02},
	langid = {french},
	keywords = {ia}
}

@misc{rayar_exploiting_2012,
	title = {Exploiting Document Image Analysis in the Humanities},
	url = {https://halshs.archives-ouvertes.fr/halshs-00805863},
	abstract = {Présentation des travaux réalisés par le Laboratoire d'Informatique de l'Université de Tours ({RFAI}, équipe de Jean-Yves Ramel) et le Centre d'études supérieures de la Renaissance (projet {BVH}, dir. Marie-Luce Demonet), dans le cadre du projet {PARADIIT} (Pattern Redundancy Analysis for Document Image Indexing and Transcription ; Google Digital Humanities Award, 2011 et 2012).},
	author = {Rayar, Frédéric and {Jean-Yves Ramel} and Jimenes, Rémi},
	urldate = {2020-09-14},
	date = {2012-12-31},
	langid = {english},
	keywords = {ia}
}

@incollection{beauguitte_analyse_2016,
	title = {L'analyse de réseaux en sciences sociales et en histoire},
	url = {https://halshs.archives-ouvertes.fr/halshs-01476090},
	abstract = {Ce chapitre d'ouvrage rappelle tout d'abord le vocabulaire de base en analyse de réseaux. Il retrace ensuite l'histoire de ces méthodes et de ses usages en sociologie et en géographie. Il s'interroge enfin sur les spécificités de l'analyse de réseaux en histoire.},
	pages = {9--24},
	booktitle = {Le réseau. Usages d'une notion polysémique en sciences humaines et sociales},
	publisher = {Presses Universitaires de Louvain},
	author = {Beauguitte, Laurent},
	urldate = {2020-09-14},
	date = {2016},
	keywords = {hum\_num}
}

@online{jegou_potentialites_2017,
	title = {Potentialités de l’analyse-réseau en histoire médiévale},
	url = {https://colemon.hypotheses.org/102},
	abstract = {« Réseau » est sans doute le concept le plus communément employé dans les travaux des médiévistes des deux dernières décennies. Innombrables sont les études qui évoquent réseaux de pouvoir, réseaux d’influence ou d’amitié, réseaux de clientèle, réseaux marchands, réseaux monastiques, réseaux intellectuels, réseaux urbains, etc., de telle sorte qu’on peut parler d’un relational turn comme il … Continuer la lecture de Potentialités de l’analyse-réseau en histoire médiévale  →},
	titleaddon = {{COL}\&{MON}},
	type = {Billet},
	author = {Jégou, Laurent},
	urldate = {2020-09-14},
	date = {2017-10-18},
	langid = {french},
	keywords = {hum\_num}
}

@thesis{ruiz_concept-based_2017,
	title = {Concept-based and relation-based corpus navigation : applications of natural language processing in digital humanities},
	url = {https://tel.archives-ouvertes.fr/tel-01575167},
	shorttitle = {Concept-based and relation-based corpus navigation},
	abstract = {Social sciences and Humanities research is often based on large textual corpora, that it would be unfeasible to read in detail. Natural Language Processing ({NLP}) can identify important concepts and actors mentioned in a corpus, as well as the relations between them. Such information can provide an overview of the corpus useful for domain-experts, and help identify corpus areas relevant for a given research question. To automatically annotate corpora relevant for Digital Humanities ({DH}), the {NLP} technologies we applied are, first, Entity Linking, to identify corpus actors and concepts. Second, the relations between actors and concepts were determined based on an {NLP} pipeline which provides semantic role labeling and syntactic dependencies among other information. Part I outlines the state of the art, paying attention to how the technologies have been applied in {DH}.Generic {NLP} tools were used. As the efficacy of {NLP} methods depends on the corpus, some technological development was undertaken, described in Part {II}, in order to better adapt to the corpora in our case studies. Part {II} also shows an intrinsic evaluation of the technology developed, with satisfactory results. The technologies were applied to three very different corpora, as described in Part {III}. First, the manuscripts of Jeremy Bentham. This is a 18th-19th century corpus in political philosophy. Second, the {PoliInformatics} corpus, with heterogeneous materials about the American financial crisis of 2007-2008. Finally, the Earth Negotiations Bulletin ({ENB}), which covers international climate summits since 1995, where treaties like the Kyoto Protocol or the Paris Agreements get negotiated.For each corpus, navigation interfaces were developed. These user interfaces ({UI}) combine networks, full-text search and structured search based on {NLP} annotations. As an example, in the {ENB} corpus interface, which covers climate policy negotiations, searches can be performed based on relational information identified in the corpus: the negotiation actors having discussed a given issue using verbs indicating support or opposition can be searched, as well as all statements where a given actor has expressed support or opposition. Relation information is employed, beyond simple co-occurrence between corpus terms.The {UIs} were evaluated qualitatively with domain-experts, to assess their potential usefulness for research in the experts' domains. First, we payed attention to whether the corpus representations we created correspond to experts' knowledge of the corpus, as an indication of the sanity of the outputs we produced. Second, we tried to determine whether experts could gain new insight on the corpus by using the applications, e.g. if they found evidence unknown to them or new research ideas. Examples of insight gain were attested with the {ENB} interface; this constitutes a good validation of the work carried out in the thesis. Overall, the applications' strengths and weaknesses were pointed out, outlining possible improvements as future work.},
	institution = {{PSL} Research University},
	type = {phdthesis},
	author = {Ruiz, Pablo},
	urldate = {2020-09-15},
	date = {2017-06-23},
	langid = {english},
	keywords = {ia}
}

@inproceedings{magallon_detection_2018,
	location = {Rennes, France},
	title = {Détection d'erreurs dans des transcriptions {OCR} de documents historiques par réseaux de neurones récurrents multi-niveau},
	url = {https://hal.archives-ouvertes.fr/hal-01905258},
	booktitle = {25e conférence sur le Traitement Automatique des Langues Naturelles ({TALN})},
	author = {Magallon, Thibault and Béchet, Frédéric and Favre, Benoit},
	urldate = {2020-09-15},
	date = {2018-05},
	keywords = {ia}
}

@inproceedings{baranes_vers_2012,
	title = {Vers la correction automatique de textes bruités: Architecture générale et détermination de la langue d'un mot inconnu},
	url = {https://hal.inria.fr/hal-00701400},
	shorttitle = {Vers la correction automatique de textes bruités},
	abstract = {Dans ce papier, nous introduisons le problème que pose la correction orthographique sur des corpus de qualité très dégradée tels que les messages publiés sur les forums, les sites d'avis ou les réseaux sociaux. Nous proposons une première architecture de correction qui a pour objectif d'éviter au maximum la sur-correction. Nous présentons, par ailleurs l'implémentation et les résultats d'un des modules de ce système qui a pour but de détecter si un mot inconnu, dans une phrase de langue connue, est un mot qui appartient à cette langue ou non.},
	eventtitle = {{RECITAL}'2012 - Rencontre des Étudiants Chercheurs en Informatique pour le Traitement Automatique des Langues},
	pages = {95},
	author = {Baranes, Marion},
	urldate = {2020-09-15},
	date = {2012-06-04},
	langid = {french},
	keywords = {ia}
}

@article{sarazin_lhistorien_2002,
	title = {L’historien et le notaire : acquis et perspectives de l’étude des actes privés de la France moderne},
	volume = {160},
	rights = {free},
	url = {https://www.persee.fr/doc/bec_0373-6237_2002_num_160_1_451095},
	doi = {10.3406/bec.2002.451095},
	shorttitle = {L’historien et le notaire},
	abstract = {Generationen von Forschern haben auf der Grundlage der Privaturkunden und insbesondere der Notarsbreven des Ancien Régime juristische, sozio-ökonomische, kulturelle und materielle Aspekte dieser Zeit thematisch erforscht. Diese Quellen wurden jahrzehntelang als neutrale Informationsgrundlage verwendet, deren Dignität für die Forschung allein auf ihrem Inhalt gründete. In der neueren Forschung treten jedoch die Verbindungen zwischen dem Notar und seiner Klientel, das soziale Umfeld des Notars und die Typologie notarieller Schriftlichkeit stärker in den Vordergrund. Solche Fragestellungen entstanden aus der quellenorientierten Methodendiskussion heraus. Sie eröffnen nicht nur neue Perspektiven für die Geschichtswissenschaft, sondern erlauben auch ganz konkret eine bessere Kenntnis der notariellen Berufspraxis : Die zunehmende Dichte von Arbeiten in diesem Forschungszweig schafft die Grundlage für eine neu zu schreibende Geschichte des Notariats in Frankreich.},
	pages = {229--270},
	number = {1},
	journaltitle = {Bibliothèque de l'École des chartes},
	author = {Sarazin, Jean-Yves},
	urldate = {2020-09-15},
	date = {2002},
	keywords = {hum\_num}
}

@article{hengchen_extraction_2015,
	title = {L'extraction d'entités nommées: Une opportunité pour le secteur culturel ?},
	issn = {0012-4508, 2428-2111},
	url = {https://dialnet.unirioja.es/servlet/articulo?codigo=5393260},
	shorttitle = {L'extraction d'entités nommées},
	abstract = {Autorías: Simon Hengchen, Seth van Hooland, Ruben Verborgh, Max de Wilde.
Localización: I2D: information, données \& documents. Nº. 2, 2015.
Artículo de Revista en Dialnet.},
	pages = {70--79},
	number = {2},
	journaltitle = {I2D: information, données \& documents},
	author = {Hengchen, Simon and Hooland, Seth van and Verborgh, Ruben and Wilde, Max de},
	urldate = {2020-09-15},
	date = {2015},
	keywords = {hum\_num}
}

@article{faraut_les_2015,
	title = {Les outils de représentation graphique de l’espace relationnel face au secret : le cas des conspirateurs du 19 août 1820},
	rights = {Les Cahiers de Framespa sont mis à disposition selon les termes de la licence Creative Commons Attribution - Pas d'Utilisation Commerciale - Pas de Modification 4.0 International.},
	issn = {1760-4761},
	url = {http://journals.openedition.org/framespa/3233},
	doi = {10.4000/framespa.3233},
	shorttitle = {Les outils de représentation graphique de l’espace relationnel face au secret},
	abstract = {Souvent délaissé par les historiens travaillant sur les adversaires des Bourbons restaurés, le complot du 19 août 1820 est pourtant un moment fondateur pour l’opposition armée. En effet, l’ampleur des effectifs mobilisés et du plan mis sur pied par les anciens soldats de la Grande Armée sont sans commune mesure dans ces premières années de la Restauration. Ses répercussions dépassent la seule sphère politique car la Chambre des Pairs se constitue en Cour de justice. Ce complot et ses conséquences sont abordés par les outils de visualisation des espaces relationnels. Il est question d’analyser comment s’organisent les différents protagonistes et suivant quelle chronologie. Mais ces outils sont également l’occasion de s’intéresser à la perception que se font les autorités de ces participants au complot et de comprendre sur quels critères se construit l’acte d’accusation.},
	number = {18},
	journaltitle = {Les Cahiers de Framespa. Nouveaux champs de l’histoire sociale},
	author = {Faraut, Vivien},
	urldate = {2020-09-15},
	date = {2015-07-01},
	langid = {french},
	keywords = {hum\_num}
}

@online{tei_tei_nodate-3,
	title = {{TEI} element body},
	url = {https://www.tei-c.org/release/doc/tei-p5-doc/en/html/ref-body.html},
	author = {{TEI}},
	urldate = {2020-09-15}
}

@article{burnard_what_2020,
	title = {What is {TEI} Conformance, and Why Should You Care?},
	rights = {For this publication a Creative Commons Attribution 4.0 International license               has been granted by the author(s) who retain full copyright.},
	issn = {2162-5603},
	url = {http://journals.openedition.org/jtei/1777},
	doi = {10.4000/jtei.1777},
	abstract = {The recommendations of the Text Encoding Initiative ({TEI}) seem to have become a defining feature of the methodological framework of the Digital Humanities, despite recurrent concerns that the system they define is at the same time both too rigorous for the manifold variability of humanistic text, and not precise enough to guarantee interoperability of resources defined using it. In this paper I question the utility of standardization in a scholarly context, proposing however that documentation of formal encoding practice is an essential part of scholarship. After discussing the range of information such documentation entails, I explore the notion of conformance proposed by the {TEI} Guidelines, suggesting that this must operate at both a technical syntactic level, and a less easily verifiable semantic level. One of the more noticeable features of the Guidelines is their desire to have (as the French say) both the butter and the money for the butter; I will suggest that this polymorphous multiplicity is an essential component of the system, and has been a key factor in determining the {TEI}’s continued relevance.},
	issue = {Issue 12},
	journaltitle = {Journal of the Text Encoding Initiative},
	author = {Burnard, Lou},
	urldate = {2020-09-16},
	date = {2020-05-28},
	langid = {english},
	keywords = {xml}
}

@article{le_pevedic_retour_2016,
	title = {Retour sur les annotations des entités nommées dans les campagnes d’évaluation françaises et comparaison avec la {TEI}},
	rights = {Corela – cognition, représentation, langage est mis à disposition selon les termes de la licence Creative Commons Attribution - Pas d’Utilisation Commerciale - Partage dans les Mêmes Conditions 4.0 International.},
	issn = {1638-5748},
	url = {http://journals.openedition.org/corela/4644},
	doi = {10.4000/corela.4644},
	abstract = {Dans cet article, nous comparons les campagnes existantes d’annotation d’entités nommées avec la {TEI}. Après une analyse détaillée, nous préconisons une utilisation de la norme {TEI} afin d’uniformiser et d’adapter les méthodes d’annotation des entités nommées utilisées, notamment celles des campagnes Etape et Ester, menées dans le contexte francophone.},
	number = {14},
	journaltitle = {Corela. Cognition, représentation, langage},
	author = {Le Pevedic, Solenn and Maurel, Denis},
	urldate = {2020-09-16},
	date = {2016-11-22},
	langid = {french},
	keywords = {ia}
}

@article{holmes_xpath_nodate,
	title = {The {XPath} collection() function: pulling in multiple documents},
	pages = {6},
	author = {Holmes, Martin},
	langid = {english},
	file = {Holmes - The XPath collection() function pulling in multip.pdf:/Users/lucasterriel/Zotero/storage/42J9RK5N/Holmes - The XPath collection() function pulling in multip.pdf:application/pdf}
}

@misc{holmes_xpath_nodate-1,
	title = {The {XPath} collection() function: pulling in multiple documents},
	url = {http://web.uvic.ca/~mholmes/dhoxss2013/handouts/collection_function.pdf},
	publisher = {University of Victoria ({HCMC})},
	author = {Holmes, Martin},
	langid = {english},
	keywords = {xml}
}

@online{tei_tei_nodate-4,
	title = {{TEI} element {msDesc} (manuscript description)},
	url = {https://www.tei-c.org/release/doc/tei-p5-doc/fr/html/ref-msDesc.html},
	author = {{TEI}},
	urldate = {2020-09-16}
}

@online{tei_tei_nodate-5,
	title = {{TEI} element {msContents} (manuscript contents)},
	url = {https://www.tei-c.org/release/doc/tei-p5-doc/fr/html/ref-msContents.html},
	author = {{TEI}},
	urldate = {2020-09-16}
}

@online{tei_tei_nodate-6,
	title = {{TEI} element {sourceDesc} (source description)},
	url = {https://tei-c.org/release/doc/tei-p5-doc/fr/html/ref-sourceDesc.html},
	author = {{TEI}},
	urldate = {2020-09-16}
}

@online{tei_tei_nodate-7,
	title = {{TEI} element resp (responsibility)},
	url = {https://www.tei-c.org/release/doc/tei-p5-doc/fr/html/ref-resp.html},
	author = {{TEI}},
	urldate = {2020-09-16}
}

@online{tei_tei_nodate-8,
	title = {{TEI} element title},
	url = {https://www.tei-c.org/release/doc/tei-p5-doc/fr/html/ref-title.html},
	author = {{TEI}},
	urldate = {2020-09-16}
}

@online{tei_tei_nodate-9,
	title = {{TEI} element {persName} (personal name)},
	url = {https://www.tei-c.org/release/doc/tei-p5-doc/en/html/ref-persName.html},
	author = {{TEI}},
	urldate = {2020-09-16}
}

@online{tei_tei_nodate-10,
	title = {{TEI} element ab (anonymous block)},
	url = {https://tei-c.org/release/doc/tei-p5-doc/en/html/ref-ab.html},
	author = {{TEI}},
	urldate = {2020-09-16}
}

@online{tei_tei_nodate-11,
	title = {{TEI} element div (text division)},
	url = {https://tei-c.org/release/doc/tei-p5-doc/fr/html/ref-div.html},
	author = {{TEI}},
	urldate = {2020-09-16}
}

@online{tei_tei_nodate-12,
	title = {{TEI} element path},
	url = {https://tei-c.org/release/doc/tei-p5-doc/fr/html/ref-path.html},
	author = {{TEI}},
	urldate = {2020-09-16}
}

@online{tei_tei_nodate-13,
	title = {{TEI} element zone},
	url = {https://www.tei-c.org/release/doc/tei-p5-doc/fr/html/ref-zone.html},
	author = {{TEI}},
	urldate = {2020-09-16}
}

@online{tei_tei_nodate-14,
	title = {{TEI} element graphic},
	url = {https://tei-c.org/release/doc/tei-p5-doc/en/html/ref-graphic.html},
	author = {{TEI}},
	urldate = {2020-09-16}
}

@online{tei_tei_nodate-15,
	title = {{TEI} element surface},
	url = {https://www.tei-c.org/release/doc/tei-p5-doc/en/html/ref-surface.html},
	author = {{TEI}},
	urldate = {2020-09-16}
}

@online{tei_tei_nodate-16,
	title = {{TEI} element {xenoData} (non-{TEI} metadata)},
	url = {https://tei-c.org/release//doc/tei-p5-doc/en/html/ref-xenoData.html},
	author = {{TEI}},
	urldate = {2020-09-16}
}

@online{tei_tei_nodate-17,
	title = {{TEI} element {msItemStruct} (structured manuscript item)},
	url = {https://www.tei-c.org/release/doc/tei-p5-doc/fr/html/ref-msItemStruct.html},
	author = {{TEI}},
	urldate = {2020-09-16}
}

@online{tei_tei_nodate-18,
	title = {{TEI} element bibl (bibliographic citation)},
	url = {https://tei-c.org/release/doc/tei-p5-doc/fr/html/ref-bibl.html},
	author = {{TEI}},
	urldate = {2020-09-16}
}

@online{tei_tei_nodate-19,
	title = {{TEI} element additional},
	url = {https://tei-c.org/release/doc/tei-p5-doc/fr/html/ref-additional.html},
	author = {{TEI}},
	urldate = {2020-09-16}
}

@online{tei_tei_nodate-20,
	title = {{TEI} element item},
	url = {https://tei-c.org/Vault/P5/current/doc/tei-p5-doc/fr/html/ref-item.html},
	author = {{TEI}},
	urldate = {2020-09-16}
}

@online{tei_tei_nodate-21,
	title = {{TEI} element list},
	url = {https://tei-c.org/Vault/P5/current/doc/tei-p5-doc/fr/html/ref-list.html},
	author = {{TEI}},
	urldate = {2020-09-16}
}

@online{tei_tei_nodate-22,
	title = {{TEI} element {msIdentifier} (manuscript identifier)},
	url = {https://www.tei-c.org/release/doc/tei-p5-doc/fr/html/ref-msIdentifier.html},
	author = {{TEI}},
	urldate = {2020-09-16}
}

@online{tei_tei_nodate-23,
	title = {{TEI} element {publicationStmt} (publication statement)},
	url = {https://www.tei-c.org/release/doc/tei-p5-doc/fr/html/ref-publicationStmt.html},
	author = {{TEI}},
	urldate = {2020-09-16}
}

@online{tei_tei_nodate-24,
	title = {{TEI} element w (word)},
	url = {https://tei-c.org/release/doc/tei-p5-doc/fr/html/ref-w.html},
	author = {{TEI}},
	urldate = {2020-09-16}
}

@online{tei_tei_nodate-25,
	title = {{TEI} element lb (line beginning)},
	url = {https://www.tei-c.org/release/doc/tei-p5-doc/fr/html/ref-lb.html},
	author = {{TEI}},
	urldate = {2020-09-16}
}

@online{noauthor_spacy_nodate,
	title = {{spaCy}},
	url = {https://spacy.io/usage/spacy-101},
	keywords = {package}
}

@online{noauthor_algorithm_nodate,
	title = {Algorithm Implementation/Strings/Levenshtein distance - Wikibooks, open books for an open world},
	url = {https://en.wikibooks.org/wiki/Algorithm_Implementation/Strings/Levenshtein_distance},
	urldate = {2020-09-17},
	keywords = {ia}
}

@inproceedings{pratikakis_icfhr_2018,
	title = {{ICFHR} 2018 Competition on Handwritten Document Image Binarization (H-{DIBCO} 2018)},
	url = {https://eee.hbut.edu.cn/__local/9/3C/5B/599ED504CDE84710DC7A07A7ABF_A91E00B3_5F797.pdf?e=.pdf},
	abstract = {H-{DIBCO} 2018 is the international Handwritten Document Image Binarization Contest organized in the context of {ICFHR} 2018 conference. The general objective of the contest is to record recent advances in document image binarization using established evaluation performance measures. This paper describes the contest details including the evaluation measures used as well as the performance of the 8 submitted methods along with a brief description of each method.},
	eventtitle = {2018 16th International Conference on Frontiers in Handwriting Recognition ({ICFHR})},
	pages = {489--493},
	booktitle = {2018 16th International Conference on Frontiers in Handwriting Recognition ({ICFHR})},
	author = {Pratikakis, Ioannis and Zagori, Konstantinos and Kaddas, Panagiotis and Gatos, Basilis},
	date = {2018-08},
	keywords = {ia}
}

@online{noauthor_werkzeug_nodate,
	title = {Werkzeug},
	url = {https://werkzeug.palletsprojects.com/en/1.0.x/},
	urldate = {2020-09-18},
	keywords = {package}
}

@online{noauthor_argparse_nodate,
	title = {argparse},
	url = {https://docs.python.org/fr/3/howto/argparse.html},
	urldate = {2020-09-18},
	keywords = {package}
}

@online{noauthor_os_nodate,
	title = {os},
	url = {https://docs.python.org/fr/2.7/library/os.html},
	urldate = {2020-09-18},
	keywords = {package}
}

@online{noauthor_glob_nodate,
	title = {glob},
	url = {https://docs.python.org/fr/3.6/library/glob.html},
	urldate = {2020-09-18},
	keywords = {package}
}

@online{noauthor_math_nodate,
	title = {math},
	url = {https://docs.python.org/3/library/math.html},
	urldate = {2020-09-18},
	keywords = {package}
}

@online{noauthor_difflib_nodate,
	title = {difflib},
	url = {https://docs.python.org/3/library/difflib.html},
	urldate = {2020-09-18},
	keywords = {package}
}

@online{noauthor_jinja_nodate,
	title = {Jinja 2.11},
	url = {https://jinja.palletsprojects.com/en/2.11.x/},
	urldate = {2020-09-18},
	keywords = {package}
}

@report{barrere_results_2018,
	title = {Results of a {PyTorch} implementation of an Handwritten Text Recognition Framework},
	url = {http://perso.eleves.ens-rennes.fr/people/killian.barrere/papers/Results_of_a_PyTorch_implementation_of_an_Handwritten_Text_Recognition_Framework.pdf},
	institution = {{INTUIDOC} Research group},
	author = {Barrere, Killian and Coüasnon, Bertrand and Lemaitre, Aurélie},
	date = {2018},
	keywords = {ia}
}

@online{noauthor_comparing_2018,
	title = {Comparing human and machine performances in transcribing 18th century handwritten Venetian script – {DH}2018},
	url = {https://dh2018.adho.org/en/comparing-human-and-machine-performances-in-transcribing-18th-century-handwritten-venetian-script/},
	urldate = {2020-09-21},
	date = {2018},
	langid = {american},
	keywords = {ia}
}

@online{olver_machine_2017,
	title = {Machine learning of an 18th century hand: transcribing the essays of George {III}},
	url = {https://georgianpapers.com/2017/01/20/machine-learning-18th-century-hand-transcribing-essays-george-iii/},
	shorttitle = {Machine learning of an 18th century hand},
	abstract = {Chris Olver, Metadata Creator, Georgian Papers Programme, King’s College London One of the major undertakings by King’s College London, Omohundro Institute and William \& Mary College is to transcribe the digital records being created at the Royal Archives. The reason behind this focus on transcription by the {GPP} partners cannot be overstated: transcribed texts can… Read More »},
	titleaddon = {Georgian Papers Programme},
	author = {Olver, Chris},
	urldate = {2020-09-21},
	date = {2017-01-20},
	langid = {english},
	keywords = {ia}
}

@article{lavrenko_holistic_2004,
	title = {Holistic word recognition for handwritten historical documents},
	url = {http://ciir.cs.umass.edu/pubfiles/mm-319.pdf},
	abstract = {Most offline handwriting recognition approaches proceed by segmenting words into smaller pieces (usually characters) which are recognized separately. The recognition result of a word is then the composition of the individually recognized parts. Inspired by results in cognitive psychology, researchers have begun to focus on holistic word recognition approaches. Here we present a holistic word recognition approach for single-author historical documents, which is motivated by the fact that for severely degraded documents a segmentation of words into characters will produce very poor results. The quality of the original documents does not allow us to recognize them with high accuracy - our goal here is to produce transcriptions that will allow successful retrieval of images, which has been shown to be feasible even in such noisy environments. We believe that this is the first systematic approach to recognizing words in historical manuscripts with extensive experiments. Our experiments show recognition accuracy of 65\%, which exceeds performance of other systems which operate on non-degraded input images (nonhistorical documents).},
	journaltitle = {First International Workshop on Document Image Analysis for Libraries},
	author = {Lavrenko, Victor and Rath, Toni M. and Manmatha, R.},
	date = {2004},
	keywords = {ia}
}

@article{legay_retour_2009,
	title = {Retour sur les origines financières de la Révolution française},
	rights = {Tous droits réservés},
	url = {http://journals.openedition.org/ahrf/10637},
	abstract = {Les débats sur les origines financières de la Révolution française ont commencé dans les années 1970, il y a plus de trente ans. Bien des pistes ont été défrichées, qui appréciant l’ampleur du déficit, qui les incohérences du budget, qui la structure fiscale, le poids des officiers, le resserrement du marché international du crédit... Cependant, ces analyses sont segmentées et il n’existe pas de synthèse faisant le lien définitif entre les éléments constitutifs des finances publiques. Certes,...},
	pages = {183--201},
	number = {356},
	journaltitle = {Annales historiques de la Révolution française},
	author = {Legay, Marie-Laure and Félix, Joël and White, Eugene},
	urldate = {2020-09-21},
	date = {2009-04-01},
	langid = {french},
	keywords = {hist\_not}
}

@article{neal_priceless_2002,
	title = {Priceless Markets: The Political Economy of Credit in Paris, 1660–1870. By Philip T. Hoffman, Gilles Postel-Vinay, and Jean-Laurent Rosenthal. Chicago: University of Chicago Press, 2000. Pp. xi, 350.},
	volume = {62},
	issn = {1471-6372, 0022-0507},
	url = {https://www.cambridge.org/core/journals/journal-of-economic-history/article/priceless-markets-the-political-economy-of-credit-in-paris-16601870-by-philip-t-hoffman-gilles-postelvinay-and-jeanlaurent-rosenthal-chicago-university-of-chicago-press-2000-pp-xi-350/9AB5C3BAC86592A70A0435F16CB9C4DF},
	doi = {10.1017/S0022050702006058},
	shorttitle = {Priceless Markets},
	abstract = {For many years now, the multinational research team of Philip Hoffman, Gilles Postel-Vinay, and Jean-Laurent Rosenthal ({HPR}) have been presenting tantalizing bits of their research into the notarial archives of Paris, while diligently collecting further data from the overwhelming mass of material stored in the Archives Nationales. At long last, this volume brings together the initial results of their collective labors in a provocative and well-written book. The material and the interpretations given it are important both for French history and for financial history. It will generate not only controversy, but also further research, in which the authors are already engaged.},
	pages = {229--231},
	number = {1},
	journaltitle = {The Journal of Economic History},
	author = {Neal, Larry},
	urldate = {2020-09-21},
	date = {2002-03},
	langid = {english},
	keywords = {hist\_not}
}

@article{girard_aries_1978,
	title = {Aries Philippe — L'homme devant la mort},
	volume = {33},
	rights = {free},
	url = {https://www.persee.fr/doc/pop_0032-4663_1978_num_33_2_16750},
	pages = {471--472},
	number = {2},
	journaltitle = {Population},
	author = {Girard, Alain},
	urldate = {2020-09-21},
	date = {1978},
	keywords = {hist\_not}
}

@article{poncet_jean-_2005,
	title = {Jean- Yves Sarazin. Bibliographie de l'histoire du notariat français, 1200-1815. Préface de Robert Descimon. Paris : Lettrage Distribution, 2004. In-8°, 650 pages},
	volume = {163},
	rights = {free},
	url = {https://www.persee.fr/doc/bec_0373-6237_2005_num_163_2_463767_t1_0559_0000_3},
	shorttitle = {Jean- Yves Sarazin. Bibliographie de l'histoire du notariat français, 1200-1815. Préface de Robert Descimon. Paris},
	pages = {559--560},
	number = {2},
	journaltitle = {Bibliothèque de l'École des chartes},
	author = {Poncet, Olivier},
	urldate = {2020-09-21},
	date = {2005},
	keywords = {hist\_not}
}

@article{sarazin_lhistorien_2002-1,
	title = {L’historien et le notaire : acquis et perspectives de l’étude des actes privés de la France moderne},
	volume = {160},
	rights = {free},
	url = {https://www.persee.fr/doc/bec_0373-6237_2002_num_160_1_451095},
	doi = {10.3406/bec.2002.451095},
	shorttitle = {L’historien et le notaire},
	abstract = {Generationen von Forschern haben auf der Grundlage der Privaturkunden und insbesondere der Notarsbreven des Ancien Régime juristische, sozio-ökonomische, kulturelle und materielle Aspekte dieser Zeit thematisch erforscht. Diese Quellen wurden jahrzehntelang als neutrale Informationsgrundlage verwendet, deren Dignität für die Forschung allein auf ihrem Inhalt gründete. In der neueren Forschung treten jedoch die Verbindungen zwischen dem Notar und seiner Klientel, das soziale Umfeld des Notars und die Typologie notarieller Schriftlichkeit stärker in den Vordergrund. Solche Fragestellungen entstanden aus der quellenorientierten Methodendiskussion heraus. Sie eröffnen nicht nur neue Perspektiven für die Geschichtswissenschaft, sondern erlauben auch ganz konkret eine bessere Kenntnis der notariellen Berufspraxis : Die zunehmende Dichte von Arbeiten in diesem Forschungszweig schafft die Grundlage für eine neu zu schreibende Geschichte des Notariats in Frankreich.},
	pages = {229--270},
	number = {1},
	journaltitle = {Bibliothèque de l'École des chartes},
	author = {Sarazin, Jean-Yves},
	urldate = {2020-09-21},
	date = {2002},
	keywords = {hist\_not}
}

@article{daumard_methodes_1959,
	title = {Méthodes de l'Histoire sociale : les Archives notariales et la Mécanographie},
	volume = {14},
	rights = {free},
	url = {https://www.persee.fr/doc/ahess_0395-2649_1959_num_14_4_2865},
	doi = {10.3406/ahess.1959.2865},
	shorttitle = {Méthodes de l'Histoire sociale},
	pages = {676--693},
	number = {4},
	journaltitle = {Annales},
	author = {Daumard, Adeline and Furet, François},
	urldate = {2020-09-21},
	date = {1959},
	keywords = {hist\_not}
}

@article{poisson_histoire_1974,
	title = {Histoire des populations et actes notariés},
	volume = {1974},
	rights = {free},
	url = {https://www.persee.fr/doc/adh_0066-2062_1974_num_1974_1_1229},
	doi = {10.3406/adh.1974.1229},
	pages = {51--57},
	number = {1},
	journaltitle = {Annales de Démographie Historique},
	author = {Poisson, Jean-Paul},
	urldate = {2020-09-21},
	date = {1974},
	keywords = {hist\_not}
}

@article{cloulas_inventaire_1977,
	title = {L'inventaire automatisé des actes notariés: principes d'analyse et résultats d'expérimentation aux Archives Nationales de Paris},
	volume = {31},
	rights = {free},
	url = {https://www.persee.fr/doc/efr_0000-0000_1977_act_31_1_2242},
	shorttitle = {L'inventaire automatisé des actes notariés},
	pages = {127--131},
	number = {1},
	journaltitle = {Publications de l'École Française de Rome},
	author = {Cloulas, Ivan},
	urldate = {2020-09-21},
	date = {1977},
	keywords = {hist\_not}
}

@book{collectif_122_2012,
	edition = {Somogy éditions d'art},
	title = {122 minutes d'histoire. Actes des notaires de Paris {XVIe}-{XXe} siècle},
	abstract = {De nombreuses personnalités telles que Molière, Vauban, 
Victor Hugo, la comtesse de Ségur ou Pasteur, tous, personnes 
physiques ou représentants de personnes morales en cours de 
constitution, selon la formule qui ouvre très souvent les actes, 
furent présents en leur personne devant le no...},
	author = {{collectif}},
	urldate = {2020-09-13},
	date = {2012-05-02},
	langid = {french},
	keywords = {hist\_not}
}

@article{angjeli_representer_2017,
	title = {Représenter en {RDF}, interconnecter et visualiser en graphe des jeux de métadonnées archivistiques de provenances multiples : un projet de prototype},
	volume = {245},
	rights = {free},
	url = {https://www.persee.fr/doc/gazar_0016-5522_2017_num_245_1_5523},
	doi = {10.3406/gazar.2017.5523},
	shorttitle = {Représenter en {RDF}, interconnecter et visualiser en graphe des jeux de métadonnées archivistiques de provenances multiples},
	pages = {157--171},
	number = {1},
	journaltitle = {Gazette des archives},
	author = {Angjeli, Anila and Clavaud, Florence and Roussel, Stéphanie},
	urldate = {2020-09-21},
	date = {2017},
	keywords = {archivistique}
}

@unpublished{clavaud_vers_2016,
	title = {Vers un référentiel national des notaires ?},
	url = {https://fdocuments.fr/document/relier-donnees-referentielnotaireschenryfclavaud-final.html},
	abstract = {Vers un référentiel {nationalVers} un référentiel national des notaires ?des notaires ? Cyprien Henry cyprien.henry@culture.gouv.fr et Florence Clavaud florence.clavaud@culture.gouv.fr…},
	note = {forum des archivistes},
	author = {Clavaud, Florence and Henry, Cyprien},
	urldate = {2020-09-21},
	date = {2016},
	langid = {french},
	keywords = {archivistique}
}